2742 4575
214 640 219 647 ,
379 485 1087 634 mortarrourrxancrr.

379 711 437 789 via
449 707 761 787 mnfliuationum
777 709 898 785 minus
915 704 960 785 ad
982 728 1062 783 rem
1074 703 1183 783 theo·

377 810 535 910 logicam
564 807 832 890 conferentium
862 807 1028 886 facillime
1050 808 1182 885 evitari

405 928 533 1001 aeaut,
562 906 600 986 fi·
613 907 749 985 confiiii
763 910 854 986 ratio
880 907 977 985 reiia
995 927 1181 985 tenentum

376 932 509 1091 scilicet
530 1033 550 1085 a
570 1007 747 1109 discipulo
773 1004 996 1117 responsum!
1009 1003 1054 1083 ad
1075 1030 1182 1105 quae·

264 1187 270 1199 ,
346 1105 531 1185 “ίὶιόῑιειη
564 1107 789 1211 propositam
823 1107 1061 1208 reposcatur,
1099 1129 1183 1204 quo

376 1203 463 1285 scite
491 1204 598 1296 dato,
625 1207 831 1310 potioribus
859 1205 1009 1285 addiiiis
1028 1206 1184 1282 rationi-

376 1304 467 1396 bus,
489 1305 621 1406 quibus
641 1304 829 1408 responsio
846 1306 1013 1395 fulcitur,
1034 1302 1128 1404 quid
1139 1310 1184 1381 in

337 1474 340 1479 .
375 1407 599 1483 contranum
616 1405 733 1485 videri
751 1404 878 1508 possit,
895 1408 934 1484 in
950 1401 1115 1482 medium
1130 1403 1183 1483 af-

183 1582 187 1592 ,
377 1502 538 1596 fetatur,
555 1527 774 1606 argumento
799 1531 878 1583 uon
897 1505 1008 1607 longe
1028 1501 1182 1598 adscito,

307 1672 311 1683 .
377 1603 587 1703 nauoque:
614 1630 694 1704 quo
714 1603 836 1684 diluto
855 1603 900 1685 ad
923 1604 988 1681 alia
1006 1602 1079 1679 sme
1104 1627 1182 1681 am·
1228 1696 1237 1704 p

375 1698 529 1807 bagibus
547 1702 735 1806 processus
761 1703 837 1790 fiat.
880 1703 954 1786 Sed
969 1701 1017 1784 ad
1036 1726 1183 1808 propo-

375 1799 486 1883 fitum
511 1801 715 1886 redeamus¹
824 1858 846 1866 *-

158 2050 161 2059 ·
197 2010 362 2106 Damnaex
427 2001 473 2078 X.
496 2005 556 2081 Ut
576 2002 636 2081 vel
663 2004 836 2081 minimus
858 2003 902 2081 iis
919 1998 1183 2102 quaestionibus

196 2096 344 2157 ‘fastam
376 2099 417 2178 in
442 2100 627 2208 theologia
652 2103 879 2201 relinquatur
895 2103 1023 2192 locus,
1041 2102 1183 2198 quaein

196 2194 323 2321 ἥξω·
377 2219 496 2279 utram
521 2225 568 2277 ue
583 2200 1186 2305 perpetuodisceptantutpartem,

196 2277 333 2420 ruffi
376 2298 473 2378 nulla
496 2225 675 2379 (kniendae
702 2326 864 2400 unquam
898 2302 973 2381 litis
993 2300 1077 2403 spe,
1111 2300 1180 2379 illis

197 2444 363 2491 mearum,
377 2404 550 2478 omnibus
579 2400 839 2502 quaestionibus
868 2400 989 2481 aditus
1007 2399 1058 2478 est
1084 2425 1181 2575 prae-

273 2499 284 2513 ⁴
376 2499 594 2591 eludendus,
615 2527 699 2600 quae
717 2502 755 2577 in
774 2502 869 2581 locis¹
884 2525 973 2578 vere
997 2501 1086 2581 theo
1101 2502 1179 2603 ogi-

377 2601 428 2677 cis
447 2601 727 2679 fundamentum
750 2600 892 2677 nullum
912 2600 1055 2679 habent.
1103 2601 1179 2677 Ac-

375 2698 471 2777 cidet
485 2700 590 2790 hinc,
604 2721 644 2777 ut
656 2725 734 2776 non
750 2699 1004 2778 solum-omnia
1018 2702 1056 2776 in
1072 2698 1180 2777 scho-

376 2798 419 2875 lis
440 2804 478 2881 sit
499 2800 640 2877 ecclefia
658 2798 728 2874 srnt
742 2805 940 2901 pacatiora,
967 2799 1029 2876 sed
1046 2803 1087 2880 δι
1105 2799 1179 2878 stu-

211 2989 219 3009 ι
375 2898 433 2977 dia
452 2900 649 2979 traiientur
667 2900 805 2998 majore
818 2924 903 2975 cum
927 2898 1070 2989 funin,
1088 2925 1183 3003 pro·-

371 2995 558 3097 -fesiuque
621 2999 781 3078 Econtra
813 2998 903 3075 dum
932 2998 1082 3077 infinitis
1101 2999 1185 3086 aliis

402 3097 541 3176 uotidie
570 3123 618 3175 ex
645 3101 722 3176 aliia
749 3101 1025 3200 emergentibus.
1050 3100 1180 3178 litibus

291 3226 294 3230 ·
374 3123 620 3277 3istrahuntur
640 3197 908 3276 adolescentum
929 3199 1094 3301 ingenia,
1114 3225 1178 3300 pa.

376 3299 517 3376 tiuntur
535 3319 617 3386 tum,
633 3296 720 3399 ipsr,
747 3319 827 3376 tum
851 3322 908 3375 res
930 3298 1100 3379 litteraria
1124 3298 1177 3377 sa-

375 3422 436 3476 cra
451 3397 720 3478 detrimentum.
770 3398 808 3475 T
809 3400 908 3474 eneri
924 3399 1178 3496 incipientium

375 3499 486 3575 animi
504 3496 550 3573 fic
568 3511 795 3595 occupantur
805 3495 1041 3599 praejudiciis,
1061 3502 1178 3596 aqui-

377 3595 446 3680 bus
468 3622 535 3672 ncc
566 3598 633 3699 ipsi
659 3596 832 3676 doctores
867 3599 1048 3673 immunes
1071 3596 1176 3676 sunt:

375 3719 467 3797 quac¹
499 3694 642 3800 semper
689 3698 728 3774 in
761 3699 838 3775 vita
871 3695 1037 3776 evitanda
1073 3694 1178 3789 sunt,

430 3863 432 3870 .
1048 3820 1130 3873 non
