2742 4575
272 557 763 676 scuouasrlconuu.
786 558 820 626 C.
839 559 896 633 Xl
929 580 1005 675 141

208 722 403 826 sequentiis
418 724 502 804 inde
524 726 674 817 elicitis,
699 725 937 806 axiomatibus
952 728 1013 805 in.

207 824 485 927 superadditis,
507 824 577 902 fio
603 847 832 928 portunum,
857 851 904 903 ex
924 825 1007 907 sana

206 924 509 1028 philosophia,&
520 947 679 1005 ratione:
698 924 1008 1018 declarationibus,

206 1025 493 1124 expositionibus
514 1028 582 1104 &c
600 1026 707 1102 etiam
726 1025 851 1102 locum
866 1024 1010 1118 damus,

207 1147 255 1202 ex
274 1122 448 1203 consensu
466 1123 686 1203 orthodoxae
709 1125 947 1223 antiquitatis,
968 1151 1007 1203 a·

207 1222 351 1302 nalooia
369 1222 477 1314 fidei,
499 1245 623 1303 natura
635 1226 690 1301 rei
710 1223 899 1325 subjeiiae,
914 1225 1006 1305 locis

206 1288 379 1426 parallelis
399 1325 468 1404 bre.
515 1321 626 1402 Unde
642 1323 751 1426 poisat
772 1345 1007 1425 perpetuum,

206 1447 285 1498 non
307 1425 500 1514 orationis,
522 1421 584 1501 sed
610 1446 911 1527 argumentorum
934 1445 1008 1502 tta-
1127 1416 1181 1451 ·”“

205 1520 247 1599 hi
267 1520 396 1611 filum,
420 1519 735 1624 syllogismorum,
762 1525 800 1602 δι
820 1521 1006 1622 quaesunt

206 1622 272 1698 alia
296 1621 572 1724 argumentandi
590 1645 748 1725 genera,
770 1642 893 1701 catena
914 1641 1006 1696 con-

204 1741 387 1797 nexorum
415 1718 531 1812 serie,
566 1722 614 1800 ita
641 1743 685 1801 ut
719 1719 780 1799 vel
812 1719 1006 1800 austeritas

164 1858 168 1869 ·
205 1817 387 1898 dialectice
413 1817 581 1921 disposita
601 1841 834 1922 opponatur,
858 1817 918 1896 vel
935 1843 1006 1919 po-·

205 1916 268 1996 sita
302 1921 404 2020 prius
442 1918 662 1998 audioritatis
693 1919 869 2002 sententia
895 1941 1005 2018 argu-

205 2039 371 2095 menutm
405 2016 530 2120 postea
562 2015 648 2095 inde
679 2017 903 2109 deducatur,
941 2037 1005 2097 aur

203 2115 459 2217 consequentia
486 2116 551 2194 seu
572 2116 754 2196 conclusio
780 2140 826 2194 ex
845 2115 1005 2217 testimo-

202 2221 269 2294 nio
295 2242 385 2298 mox
409 2214 664 2310 subnectatur,
692 2217 815 2319 &qui
837 2216 1005 2298 sunt-alii

204 2318 307 2396 modi
335 2342 360 2397 a
375 2316 565 2397 dialeslicis
596 2317 765 2396 constitui
787 2315 908 2410 soliti,
938 2337 1003 2396 aut

166 2447 169 2453 ·
202 2416 268 2495 usu
288 2419 422 2508 etiam,
455 2417 609 2517 ipsoque
629 2419 802 2494 exercitio
819 2414 944 2517 suapte
960 2415 1003 2493 se

202 2513 419 2617 prodentes,
441 2518 500 2591 cui
521 2515 602 2593 usui
630 2517 732 2616 plura
759 2512 804 2593 ad
819 2514 894 2593 hoc
918 2539 1004 2593 mo·

201 2637 369 2693 mentum
391 2617 574 2692 attinentia
629 2611 805 2691 tomenda
820 2614 1004 2711 relinquo·

203 2714 331 2791 Istam
353 2714 555 2811 antiquuse
582 2715 589 2730 ⁰
624 2715 651 2789 it
668 2714 706 2789 in
719 2712 894 2815 religione
909 2711 1002 2791 chri-

203 2812 339 2905 stiana,
363 2837 475 2912 quam
499 2809 573 2912 ipsa
599 2811 676 2888 fere
704 2812 832 2913 religio
858 2815 897 2890 in
917 2836 1001 2890 ont·

203 2913 312 2992 nibus
332 2909 586 2993 controversiis
613 2909 698 2988 fidei
724 2937 765 2990 ac
784 2909 1001 3010 disquisitio·

202 3012 310 3091 nibus
331 3010 436 3089 sacris
455 3009 580 3086 locum
596 3008 744 3101 aralius,
769 3036 789 3092 a
810 3036 888 3110 quo
909 3032 1002 3087 tem«

202 3134 298 3215 pore¹
315 3111 384 3189 illae
403 3108 671 3192 increbuerunt.
719 3110 918 3213 Distinguit
938 3135 1002 3189 au·

203 3232 279 3290 tem
297 3211 555 3311 theologiama
579 3207 676 3303 fide,
705 3232 812 3309 atque
832 3206 1002 3311 afimpli·

202 3312 309 3387 citate
326 3310 419 3386 illius
429 3307 643 3411 theologiae,
660 3334 745 3410 quae
761 3309 901 3387 felicior
911 3310 1009 3484 {lm-¹

201 3408 289 3488 detn
313 3409 428 3499 soret,
446 3408 473 3485 fi
494 3406 687 3486 hominum
710 3408 822 3487 studia
845 3408 909 3487 abe
939 3429 1003 3497 ent

203 3508 403 3611 praesertim
431 3529 553 3623 autern
577 3506 843 3597 adversantium
864 3510 1002 3611 purita-

203 3608 348 3691 tifidei
369 3608 567 3704 inclinant.

370 3798 375 3805 ’
522 3805 524 3809 ’
585 3746 587 3750 ⁸
693 3799 734 3881 ὰ.
811 3797 963 3915 ΜΩ
