<?xml version="1.0" encoding="UTF-8"?>
<!DOCTYPE html PUBLIC "-//W3C//DTD XHTML 1.0 Transitional//EN"
    "http://www.w3.org/TR/xhtml1/DTD/xhtml1-transitional.dtd">
<html xmlns="http://www.w3.org/1999/xhtml" xml:lang="en" lang="en">
 <head>
  <title>
</title>
<meta http-equiv="Content-Type" content="text/html;charset=utf-8" />
  <meta name='ocr-system' content='tesseract 3.04.00' />
  <meta name='ocr-capabilities' content='ocr_page ocr_carea ocr_par ocr_line ocrx_word'/>
</head>
<body>
  <div class='ocr_page' id='page_1' title='image "./derectoetperver00gerbgoog_0372.png"; bbox 0 0 2742 4575; ppageno 0'>
   <div class='ocr_carea' id='block_1_1' title="bbox 616 346 690 398">
    <p class='ocr_par' dir='ltr' id='par_1_1' title="bbox 616 346 690 398">
     <span class='ocr_line' id='line_1_1' title="bbox 616 346 690 398; baseline 0 -17"><span class='ocrx_word' id='word_1_1' title='bbox 616 385 626 398; x_wconf 37' lang='grc' dir='ltr'><strong><em>Ι</em></strong></span> <span class='ocrx_word' id='word_1_2' title='bbox 679 346 690 381; x_wconf 68' lang='lat' dir='ltr'>l</span> 
     </span>
    </p>
   </div>
   <div class='ocr_carea' id='block_1_2' title="bbox 343 535 1071 660">
    <p class='ocr_par' dir='ltr' id='par_1_2' title="bbox 343 535 1071 660">
     <span class='ocr_line' id='line_1_2' title="bbox 343 535 1071 660; baseline -0.012 -39"><span class='ocrx_word' id='word_1_3' title='bbox 343 546 445 660; x_wconf 73' lang='lat'><em>&#39;140</em></span> <span class='ocrx_word' id='word_1_4' title='bbox 490 540 553 615; x_wconf 81' lang='lat' dir='ltr'>DE</span> <span class='ocrx_word' id='word_1_5' title='bbox 573 535 1071 655; x_wconf 70' lang='lat' dir='ltr'>narlouunxanm.</span> 
     </span>
    </p>
   </div>
   <div class='ocr_carea' id='block_1_3' title="bbox 352 706 1188 1537">
    <p class='ocr_par' dir='ltr' id='par_1_3' title="bbox 352 706 1188 1537">
     <span class='ocr_line' id='line_1_3' title="bbox 357 706 1188 813; baseline -0.001 -20"><span class='ocrx_word' id='word_1_6' title='bbox 357 733 515 813; x_wconf 87' lang='lat' dir='ltr'>cupent,</span> <span class='ocrx_word' id='word_1_7' title='bbox 534 710 705 808; x_wconf 85' lang='lat' dir='ltr'>exemplo</span> <span class='ocrx_word' id='word_1_8' title='bbox 726 709 932 795; x_wconf 78' lang='lat' dir='ltr'>sanslornm</span> <span class='ocrx_word' id='word_1_9' title='bbox 949 710 1102 790; x_wconf 79' lang='lat' dir='ltr'>Parrum</span> <span class='ocrx_word' id='word_1_10' title='bbox 1126 706 1188 810; x_wconf 58' lang='lat' dir='ltr'>ins</span> 
     </span>
     <span class='ocr_line' id='line_1_4' title="bbox 356 808 1168 892; baseline 0.002 -2"><span class='ocrx_word' id='word_1_11' title='bbox 356 812 488 891; x_wconf 85' lang='lat' dir='ltr'>nostris</span> <span class='ocrx_word' id='word_1_12' title='bbox 536 813 737 889; x_wconf 86' lang='lat' dir='ltr'>exercitiis·</span> <span class='ocrx_word' id='word_1_13' title='bbox 759 808 805 890; x_wconf 83' lang='lat' dir='ltr'>ad</span> <span class='ocrx_word' id='word_1_14' title='bbox 844 835 994 888; x_wconf 87' lang='lat' dir='ltr'>manunt</span> <span class='ocrx_word' id='word_1_15' title='bbox 1040 814 1168 892; x_wconf 85' lang='lat' dir='ltr'>suma-</span> 
     </span>
     <span class='ocr_line' id='line_1_5' title="bbox 358 909 1166 1011; baseline 0.002 -21"><span class='ocrx_word' id='word_1_16' title='bbox 358 936 472 1002; x_wconf 88' lang='lat' dir='ltr'>mus,</span> <span class='ocrx_word' id='word_1_17' title='bbox 500 933 611 1011; x_wconf 89' lang='lat' dir='ltr'>atque</span> <span class='ocrx_word' id='word_1_18' title='bbox 640 935 771 988; x_wconf 85' lang='lat' dir='ltr'>eorum</span> <span class='ocrx_word' id='word_1_19' title='bbox 797 909 914 988; x_wconf 85' lang='lat' dir='ltr'>robur</span> <span class='ocrx_word' id='word_1_20' title='bbox 945 912 984 991; x_wconf 75' lang='grc' dir='ltr'>δι</span> <span class='ocrx_word' id='word_1_21' title='bbox 1006 909 1166 992; x_wconf 82' lang='lat' dir='ltr'>firmita-</span> 
     </span>
     <span class='ocr_line' id='line_1_6' title="bbox 356 1009 1164 1111; baseline 0.001 -22"><span class='ocrx_word' id='word_1_22' title='bbox 356 1031 434 1090; x_wconf 88' lang='lat' dir='ltr'>tem</span> <span class='ocrx_word' id='word_1_23' title='bbox 459 1010 527 1088; x_wconf 87' lang='lat' dir='ltr'>illis</span> <span class='ocrx_word' id='word_1_24' title='bbox 556 1009 728 1088; x_wconf 84' lang='lat' dir='ltr'>machinis</span> <span class='ocrx_word' id='word_1_25' title='bbox 760 1030 974 1102; x_wconf 90' lang='lat' dir='ltr'>tentemus,</span> <span class='ocrx_word' id='word_1_26' title='bbox 1013 1010 1164 1111; x_wconf 87' lang='lat' dir='ltr'>illisque</span> 
     </span>
     <span class='ocr_line' id='line_1_7' title="bbox 353 1109 1163 1209; baseline 0.001 -20"><span class='ocrx_word' id='word_1_27' title='bbox 353 1112 610 1200; x_wconf 85' lang='lat' dir='ltr'>munimentis,</span> <span class='ocrx_word' id='word_1_28' title='bbox 627 1134 711 1209; x_wconf 81' lang='lat' dir='ltr'>quae</span> <span class='ocrx_word' id='word_1_29' title='bbox 732 1109 941 1188; x_wconf 83' lang='lat' dir='ltr'>alienanon</span> <span class='ocrx_word' id='word_1_30' title='bbox 966 1110 1071 1203; x_wconf 86' lang='lat' dir='ltr'>sunt,</span> <span class='ocrx_word' id='word_1_31' title='bbox 1095 1111 1163 1190; x_wconf 90' lang='lat' dir='ltr'>sed</span> 
     </span>
     <span class='ocr_line' id='line_1_8' title="bbox 352 1209 1164 1311; baseline 0.006 -25"><span class='ocrx_word' id='word_1_32' title='bbox 352 1209 550 1288; x_wconf 86' lang='lat' dir='ltr'>domestica</span> <span class='ocrx_word' id='word_1_33' title='bbox 571 1212 672 1289; x_wconf 84' lang='lat' dir='ltr'>&amp;ex</span> <span class='ocrx_word' id='word_1_34' title='bbox 696 1211 850 1288; x_wconf 85' lang='lat' dir='ltr'>armario</span> <span class='ocrx_word' id='word_1_35' title='bbox 864 1211 1017 1310; x_wconf 84' lang='lat' dir='ltr'>proprio</span> <span class='ocrx_word' id='word_1_36' title='bbox 1031 1214 1164 1311; x_wconf 87' lang='lat' dir='ltr'>petita,</span> 
     </span>
     <span class='ocr_line' id='line_1_9' title="bbox 353 1306 1163 1407; baseline 0.006 -21"><span class='ocrx_word' id='word_1_37' title='bbox 353 1307 420 1386; x_wconf 85' lang='lat' dir='ltr'>nist</span> <span class='ocrx_word' id='word_1_38' title='bbox 440 1330 618 1407; x_wconf 86' lang='lat' dir='ltr'>quantum</span> <span class='ocrx_word' id='word_1_39' title='bbox 646 1306 871 1388; x_wconf 78' lang='lat' dir='ltr'>adminiculis</span> <span class='ocrx_word' id='word_1_40' title='bbox 893 1311 1073 1405; x_wconf 84' lang='lat' dir='ltr'>tationis,</span> <span class='ocrx_word' id='word_1_41' title='bbox 1088 1336 1163 1391; x_wconf 87' lang='lat' dir='ltr'>eeu</span> 
     </span>
     <span class='ocr_line' id='line_1_10' title="bbox 354 1406 935 1537; baseline 0.005 -51"><span class='ocrx_word' id='word_1_42' title='bbox 354 1407 613 1537; x_wconf 71' lang='lat' dir='ltr'>inshumento,</span> <span class='ocrx_word' id='word_1_43' title='bbox 636 1432 733 1511; x_wconf 89' lang='lat' dir='ltr'>opus</span> <span class='ocrx_word' id='word_1_44' title='bbox 754 1406 815 1489; x_wconf 78' lang='lat' dir='ltr'>est</span> <span class='ocrx_word' id='word_1_45' title='bbox 931 1472 935 1480; x_wconf 90' lang='lat'>.</span> 
     </span>
    </p>
   </div>
   <div class='ocr_carea' id='block_1_4' title="bbox 116 1604 1191 3901">
    <p class='ocr_par' dir='ltr' id='par_1_4' title="bbox 174 1604 1158 1695">
     <span class='ocr_line' id='line_1_11' title="bbox 174 1604 1158 1695; baseline 0.003 -13"><span class='ocrx_word' id='word_1_46' title='bbox 174 1604 345 1682; x_wconf 70' lang='lat' dir='ltr'>ncjuxta</span> <span class='ocrx_word' id='word_1_47' title='bbox 401 1605 481 1687; x_wconf 86' lang='grc' dir='ltr'><strong>ΙΙΙ.</strong></span> <span class='ocrx_word' id='word_1_48' title='bbox 514 1606 624 1685; x_wconf 87' lang='lat' dir='ltr'>Varie</span> <span class='ocrx_word' id='word_1_49' title='bbox 659 1605 781 1687; x_wconf 84' lang='lat' dir='ltr'>autent</span> <span class='ocrx_word' id='word_1_50' title='bbox 815 1627 877 1687; x_wconf 85' lang='lat' dir='ltr'>aut</span> <span class='ocrx_word' id='word_1_51' title='bbox 910 1604 1158 1695; x_wconf 71' lang='lat' dir='ltr'>consiliosum</span> 
     </span>
    </p>

    <p class='ocr_par' dir='ltr' id='par_1_5' title="bbox 172 1701 1159 1833">
     <span class='ocr_line' id='line_1_12' title="bbox 172 1701 1159 1833; baseline -0.001 -48"><span class='ocrx_word' id='word_1_52' title='bbox 172 1701 310 1833; x_wconf 52' lang='lat' dir='ltr'>{simu</span> <span class='ocrx_word' id='word_1_53' title='bbox 350 1706 483 1811; x_wconf 90' lang='lat' dir='ltr'>pontifi</span> <span class='ocrx_word' id='word_1_54' title='bbox 505 1709 513 1724; x_wconf 82' lang='lat'>&#39;</span> <span class='ocrx_word' id='word_1_55' title='bbox 559 1710 606 1784; x_wconf 83' lang='lat' dir='ltr'>tle</span> <span class='ocrx_word' id='word_1_56' title='bbox 631 1708 765 1786; x_wconf 85' lang='lat' dir='ltr'>summi</span> <span class='ocrx_word' id='word_1_57' title='bbox 782 1706 958 1795; x_wconf 74' lang='lat' dir='ltr'>decretis,</span> <span class='ocrx_word' id='word_1_58' title='bbox 982 1728 1045 1784; x_wconf 86' lang='lat' dir='ltr'>aut</span> <span class='ocrx_word' id='word_1_59' title='bbox 1068 1733 1159 1809; x_wconf 82' lang='lat' dir='ltr'>pet·</span> 
     </span>
    </p>

    <p class='ocr_par' dir='ltr' id='par_1_6' title="bbox 163 1785 1164 1917">
     <span class='ocr_line' id='line_1_13' title="bbox 163 1785 1164 1917; baseline -0.001 -33"><span class='ocrx_word' id='word_1_60' title='bbox 163 1785 301 1917; x_wconf 39' lang='grc' dir='ltr'>ᾱζξξξ</span> <span class='ocrx_word' id='word_1_61' title='bbox 351 1804 506 1909; x_wconf 88' lang='lat' dir='ltr'>petnod</span> <span class='ocrx_word' id='word_1_62' title='bbox 588 1810 658 1884; x_wconf 87' lang='lat' dir='ltr'>inae</span> <span class='ocrx_word' id='word_1_63' title='bbox 677 1806 766 1899; x_wconf 87' lang='lat' dir='ltr'>usu,</span> <span class='ocrx_word' id='word_1_64' title='bbox 794 1802 1070 1906; x_wconf 75' lang='lat' dir='ltr'>consensuque,</span> <span class='ocrx_word' id='word_1_65' title='bbox 1086 1807 1164 1886; x_wconf 86' lang='lat' dir='ltr'>-sa·.</span> 
     </span>
    </p>

    <p class='ocr_par' dir='ltr' id='par_1_7' title="bbox 116 1893 1166 3101">
     <span class='ocr_line' id='line_1_14' title="bbox 116 1893 1166 2013; baseline 0 -27"><span class='ocrx_word' id='word_1_66' title='bbox 116 1893 123 1922; x_wconf 56' lang='lat'>⁸</span> <span class='ocrx_word' id='word_1_67' title='bbox 171 1934 318 2013; x_wconf 77' lang='lat' dir='ltr'>dogmati.</span> <span class='ocrx_word' id='word_1_68' title='bbox 350 1931 493 1986; x_wconf 81' lang='lat' dir='ltr'>eruum</span> <span class='ocrx_word' id='word_1_69' title='bbox 509 1931 543 1985; x_wconf 81' lang='lat' dir='ltr'>,n</span> <span class='ocrx_word' id='word_1_70' title='bbox 567 1907 690 1987; x_wconf 86' lang='lat' dir='ltr'>DEO</span> <span class='ocrx_word' id='word_1_71' title='bbox 713 1905 925 1986; x_wconf 88' lang='lat' dir='ltr'>hominibus</span> <span class='ocrx_word' id='word_1_72' title='bbox 948 1905 1166 2013; x_wconf 41' lang='lat' dir='ltr'>manifesta,</span> 
     </span>
     <span class='ocr_line' id='line_1_15' title="bbox 170 2003 1156 2104; baseline 0.004 -23"><span class='ocrx_word' id='word_1_73' title='bbox 170 2035 281 2083; x_wconf 70' lang='lat' dir='ltr'>mune</span> <span class='ocrx_word' id='word_1_74' title='bbox 347 2028 468 2084; x_wconf 87' lang='lat' dir='ltr'>tarum</span> <span class='ocrx_word' id='word_1_75' title='bbox 490 2007 683 2085; x_wconf 88' lang='lat' dir='ltr'>veritatum</span> <span class='ocrx_word' id='word_1_76' title='bbox 705 2007 768 2084; x_wconf 89' lang='lat' dir='ltr'>lux</span> <span class='ocrx_word' id='word_1_77' title='bbox 786 2003 1011 2098; x_wconf 81' lang='lat' dir='ltr'>acoentlitnr3</span> <span class='ocrx_word' id='word_1_78' title='bbox 1036 2012 1156 2104; x_wconf 80' lang='lat' dir='ltr'>quain</span> 
     </span>
     <span class='ocr_line' id='line_1_16' title="bbox 346 2103 1154 2207; baseline 0 -24"><span class='ocrx_word' id='word_1_79' title='bbox 346 2103 543 2207; x_wconf 82' lang='lat' dir='ltr'>theologus</span> <span class='ocrx_word' id='word_1_80' title='bbox 557 2103 630 2184; x_wconf 89' lang='lat' dir='ltr'>istis</span> <span class='ocrx_word' id='word_1_81' title='bbox 645 2128 694 2183; x_wconf 88' lang='lat' dir='ltr'>ex</span> <span class='ocrx_word' id='word_1_82' title='bbox 712 2106 803 2185; x_wconf 85' lang='lat' dir='ltr'>locis</span> <span class='ocrx_word' id='word_1_83' title='bbox 814 2107 963 2207; x_wconf 89' lang='lat' dir='ltr'>accipit,</span> <span class='ocrx_word' id='word_1_84' title='bbox 982 2107 1021 2184; x_wconf 77' lang='grc' dir='ltr'>ἃ</span> <span class='ocrx_word' id='word_1_85' title='bbox 1036 2106 1075 2181; x_wconf 90' lang='lat' dir='ltr'>in</span> <span class='ocrx_word' id='word_1_86' title='bbox 1094 2104 1154 2183; x_wconf 86' lang='lat' dir='ltr'>di·</span> 
     </span>
     <span class='ocr_line' id='line_1_17' title="bbox 344 2199 1152 2302; baseline 0.002 -22"><span class='ocrx_word' id='word_1_87' title='bbox 344 2200 505 2302; x_wconf 83' lang='lat' dir='ltr'>sciplinae</span> <span class='ocrx_word' id='word_1_88' title='bbox 527 2199 601 2279; x_wconf 84' lang='lat' dir='ltr'>suae</span> <span class='ocrx_word' id='word_1_89' title='bbox 621 2205 790 2282; x_wconf 87' lang='lat' dir='ltr'>articulos</span> <span class='ocrx_word' id='word_1_90' title='bbox 806 2203 928 2285; x_wconf 83' lang='lat' dir='ltr'><strong>refert.</strong></span> <span class='ocrx_word' id='word_1_91' title='bbox 977 2205 1020 2283; x_wconf 90' lang='lat' dir='ltr'>ln</span> <span class='ocrx_word' id='word_1_92' title='bbox 1043 2227 1152 2282; x_wconf 85' lang='lat' dir='ltr'>exer-</span> 
     </span>
     <span class='ocr_line' id='line_1_18' title="bbox 345 2302 1150 2405; baseline 0.001 -25"><span class='ocrx_word' id='word_1_93' title='bbox 345 2306 438 2381; x_wconf 87' lang='lat' dir='ltr'>citiis</span> <span class='ocrx_word' id='word_1_94' title='bbox 487 2328 578 2380; x_wconf 88' lang='lat' dir='ltr'>vero</span> <span class='ocrx_word' id='word_1_95' title='bbox 604 2302 836 2405; x_wconf 84' lang='lat' dir='ltr'>gymnasticis</span> <span class='ocrx_word' id='word_1_96' title='bbox 872 2329 918 2382; x_wconf 87' lang='lat' dir='ltr'>ex</span> <span class='ocrx_word' id='word_1_97' title='bbox 946 2306 1150 2381; x_wconf 81' lang='lat' dir='ltr'>contratio-</span> 
     </span>
     <span class='ocr_line' id='line_1_19' title="bbox 343 2402 1147 2503; baseline -0.001 -21"><span class='ocrx_word' id='word_1_98' title='bbox 343 2428 428 2483; x_wconf 85' lang='lat' dir='ltr'>runt</span> <span class='ocrx_word' id='word_1_99' title='bbox 450 2402 682 2503; x_wconf 81' lang='lat' dir='ltr'>oppositione</span> <span class='ocrx_word' id='word_1_100' title='bbox 714 2407 846 2482; x_wconf 86' lang='lat' dir='ltr'>vetitas</span> <span class='ocrx_word' id='word_1_101' title='bbox 867 2406 1048 2483; x_wconf 85' lang='lat' dir='ltr'>evolvitur</span> <span class='ocrx_word' id='word_1_102' title='bbox 1074 2428 1147 2481; x_wconf 90' lang='lat' dir='ltr'>ceu</span> 
     </span>
     <span class='ocr_line' id='line_1_20' title="bbox 344 2502 1154 2602; baseline 0.001 -23"><span class='ocrx_word' id='word_1_103' title='bbox 344 2528 392 2579; x_wconf 87' lang='lat' dir='ltr'>ex</span> <span class='ocrx_word' id='word_1_104' title='bbox 415 2503 569 2579; x_wconf 89' lang='lat' dir='ltr'>nubium</span> <span class='ocrx_word' id='word_1_105' title='bbox 585 2503 851 2594; x_wconf 83' lang='lat' dir='ltr'>obvolutione,</span> <span class='ocrx_word' id='word_1_106' title='bbox 869 2529 952 2602; x_wconf 87' lang='lat' dir='ltr'>quae</span> <span class='ocrx_word' id='word_1_107' title='bbox 969 2505 1055 2579; x_wconf 86' lang='lat' dir='ltr'>lucis</span> <span class='ocrx_word' id='word_1_108' title='bbox 1072 2502 1154 2580; x_wconf 65' lang='lat' dir='ltr'>hu³</span> 
     </span>
     <span class='ocr_line' id='line_1_21' title="bbox 340 2600 1145 2704; baseline 0.004 -26"><span class='ocrx_word' id='word_1_109' title='bbox 340 2603 399 2704; x_wconf 86' lang='lat' dir='ltr'>jus</span> <span class='ocrx_word' id='word_1_110' title='bbox 419 2601 553 2679; x_wconf 81' lang='lat' dir='ltr'>divinae</span> <span class='ocrx_word' id='word_1_111' title='bbox 579 2605 615 2678; x_wconf 90' lang='lat' dir='ltr'>in</span> <span class='ocrx_word' id='word_1_112' title='bbox 640 2600 677 2678; x_wconf 91' lang='lat' dir='ltr'>se</span> <span class='ocrx_word' id='word_1_113' title='bbox 704 2605 861 2680; x_wconf 82' lang='lat' dir='ltr'>nitorem</span> <span class='ocrx_word' id='word_1_114' title='bbox 894 2629 970 2679; x_wconf 91' lang='lat' dir='ltr'>non</span> <span class='ocrx_word' id='word_1_115' title='bbox 999 2606 1145 2694; x_wconf 87' lang='lat' dir='ltr'>minuit,</span> 
     </span>
     <span class='ocr_line' id='line_1_22' title="bbox 342 2699 1146 2802; baseline 0.002 -24"><span class='ocrx_word' id='word_1_116' title='bbox 342 2702 458 2778; x_wconf 90' lang='lat' dir='ltr'>oculis</span> <span class='ocrx_word' id='word_1_117' title='bbox 477 2722 617 2778; x_wconf 85' lang='lat' dir='ltr'>tantum</span> <span class='ocrx_word' id='word_1_118' title='bbox 637 2699 767 2780; x_wconf 86' lang='lat' dir='ltr'>nostris</span> <span class='ocrx_word' id='word_1_119' title='bbox 782 2702 963 2802; x_wconf 85' lang='lat' dir='ltr'>quandam</span> <span class='ocrx_word' id='word_1_120' title='bbox 983 2704 1146 2780; x_wconf 87' lang='lat' dir='ltr'>obscuri-</span> 
     </span>
     <span class='ocr_line' id='line_1_23' title="bbox 339 2800 1144 2904; baseline 0.002 -27"><span class='ocrx_word' id='word_1_121' title='bbox 339 2821 451 2879; x_wconf 82' lang='lat' dir='ltr'>tatem</span> <span class='ocrx_word' id='word_1_122' title='bbox 469 2800 649 2890; x_wconf 89' lang='lat' dir='ltr'>offundit,</span> <span class='ocrx_word' id='word_1_123' title='bbox 671 2803 804 2899; x_wconf 89' lang='lat' dir='ltr'>quibus</span> <span class='ocrx_word' id='word_1_124' title='bbox 824 2800 985 2901; x_wconf 80' lang='lat' dir='ltr'>dispulsis</span> <span class='ocrx_word' id='word_1_125' title='bbox 1002 2805 1144 2904; x_wconf 79' lang='lat' dir='ltr'>gratior</span> 
     </span>
     <span class='ocr_line' id='line_1_24' title="bbox 339 2898 1143 3003; baseline 0.002 -28"><span class='ocrx_word' id='word_1_126' title='bbox 339 2898 451 3001; x_wconf 85' lang='lat' dir='ltr'>longe</span> <span class='ocrx_word' id='word_1_127' title='bbox 465 2898 506 2975; x_wconf 87' lang='lat' dir='ltr'>lit</span> <span class='ocrx_word' id='word_1_128' title='bbox 518 2902 596 2999; x_wconf 73' lang='lat' dir='ltr'>eius</span> <span class='ocrx_word' id='word_1_129' title='bbox 613 2898 762 3003; x_wconf 77' lang='lat' dir='ltr'>specieS,</span> <span class='ocrx_word' id='word_1_130' title='bbox 783 2923 824 2978; x_wconf 92' lang='lat' dir='ltr'>ut</span> <span class='ocrx_word' id='word_1_131' title='bbox 841 2902 1030 2981; x_wconf 87' lang='lat' dir='ltr'>atenebris</span> <span class='ocrx_word' id='word_1_132' title='bbox 1042 2900 1143 2977; x_wconf 85' lang='lat' dir='ltr'>dein-</span> 
     </span>
     <span class='ocr_line' id='line_1_25' title="bbox 337 2998 1142 3101; baseline 0.004 -26"><span class='ocrx_word' id='word_1_133' title='bbox 337 3025 425 3101; x_wconf 85' lang='lat' dir='ltr'>ceps</span> <span class='ocrx_word' id='word_1_134' title='bbox 443 2998 531 3075; x_wconf 84' lang='lat' dir='ltr'>nihil</span> <span class='ocrx_word' id='word_1_135' title='bbox 553 3004 694 3089; x_wconf 85' lang='lat' dir='ltr'>timeat,</span> <span class='ocrx_word' id='word_1_136' title='bbox 721 3026 811 3099; x_wconf 88' lang='lat' dir='ltr'>quas</span> <span class='ocrx_word' id='word_1_137' title='bbox 832 3004 917 3077; x_wconf 84' lang='lat' dir='ltr'>caeci</span> <span class='ocrx_word' id='word_1_138' title='bbox 943 3003 981 3076; x_wconf 90' lang='lat' dir='ltr'>in</span> <span class='ocrx_word' id='word_1_139' title='bbox 1004 3000 1042 3077; x_wconf 93' lang='lat' dir='ltr'>se</span> <span class='ocrx_word' id='word_1_140' title='bbox 1065 3002 1142 3078; x_wconf 90' lang='lat' dir='ltr'>suf·</span> 
     </span>
    </p>

    <p class='ocr_par' dir='ltr' id='par_1_8' title="bbox 208 3098 1191 3875">
     <span class='ocr_line' id='line_1_26' title="bbox 208 3098 1141 3200; baseline 0.004 -24"><span class='ocrx_word' id='word_1_141' title='bbox 208 3114 211 3121; x_wconf 84' lang='lat'>&#39;</span> <span class='ocrx_word' id='word_1_142' title='bbox 336 3098 512 3191; x_wconf 82' lang='lat' dir='ltr'>fetendo,</span> <span class='ocrx_word' id='word_1_143' title='bbox 533 3100 607 3178; x_wconf 89' lang='lat' dir='ltr'>aliis</span> <span class='ocrx_word' id='word_1_144' title='bbox 631 3104 738 3179; x_wconf 88' lang='lat' dir='ltr'>etiam</span> <span class='ocrx_word' id='word_1_145' title='bbox 762 3102 909 3200; x_wconf 86' lang='lat' dir='ltr'>injicere</span> <span class='ocrx_word' id='word_1_146' title='bbox 931 3100 1141 3180; x_wconf 81' lang='lat' dir='ltr'>allaborant.</span> 
     </span>
     <span class='ocr_line' id='line_1_27' title="bbox 335 3198 1191 3299; baseline 0 -24"><span class='ocrx_word' id='word_1_147' title='bbox 335 3198 473 3297; x_wconf 87' lang='lat' dir='ltr'>Neque</span> <span class='ocrx_word' id='word_1_148' title='bbox 503 3200 610 3276; x_wconf 88' lang='lat' dir='ltr'>etiam</span> <span class='ocrx_word' id='word_1_149' title='bbox 635 3199 696 3274; x_wconf 90' lang='lat' dir='ltr'>hie</span> <span class='ocrx_word' id='word_1_150' title='bbox 722 3226 814 3277; x_wconf 84' lang='lat' dir='ltr'>vane</span> <span class='ocrx_word' id='word_1_151' title='bbox 839 3204 920 3299; x_wconf 84' lang='lat' dir='ltr'>quis</span> <span class='ocrx_word' id='word_1_152' title='bbox 945 3200 1138 3288; x_wconf 86' lang='lat' dir='ltr'>formidet,</span> <span class='ocrx_word' id='word_1_153' title='bbox 1188 3278 1191 3288; x_wconf 70' lang='grc'><strong>,</strong></span> 
     </span>
     <span class='ocr_line' id='line_1_28' title="bbox 335 3297 1135 3401; baseline 0.003 -28"><span class='ocrx_word' id='word_1_154' title='bbox 335 3298 375 3373; x_wconf 90' lang='lat' dir='ltr'>in</span> <span class='ocrx_word' id='word_1_155' title='bbox 407 3298 610 3398; x_wconf 87' lang='lat' dir='ltr'>disputandi</span> <span class='ocrx_word' id='word_1_156' title='bbox 633 3302 772 3377; x_wconf 87' lang='lat' dir='ltr'>ratione</span> <span class='ocrx_word' id='word_1_157' title='bbox 804 3297 1033 3401; x_wconf 84' lang='lat' dir='ltr'>dogmatica,</span> <span class='ocrx_word' id='word_1_158' title='bbox 1071 3301 1135 3377; x_wconf 90' lang='lat' dir='ltr'>nbi</span> 
     </span>
     <span class='ocr_line' id='line_1_29' title="bbox 334 3397 1135 3498; baseline 0.001 -23"><span class='ocrx_word' id='word_1_159' title='bbox 334 3397 604 3475; x_wconf 74' lang='lat' dir='ltr'>ausioritatibus</span> <span class='ocrx_word' id='word_1_160' title='bbox 635 3398 832 3498; x_wconf 86' lang='lat' dir='ltr'>plurimum</span> <span class='ocrx_word' id='word_1_161' title='bbox 854 3399 905 3475; x_wconf 92' lang='lat' dir='ltr'>est</span> <span class='ocrx_word' id='word_1_162' title='bbox 924 3400 1049 3491; x_wconf 88' lang='lat' dir='ltr'>locus,</span> <span class='ocrx_word' id='word_1_163' title='bbox 1075 3399 1135 3476; x_wconf 90' lang='lat' dir='ltr'>fu-</span> 
     </span>
     <span class='ocr_line' id='line_1_30' title="bbox 332 3496 1134 3579; baseline 0.004 -7"><span class='ocrx_word' id='word_1_164' title='bbox 332 3520 420 3573; x_wconf 88' lang='lat' dir='ltr'>nem</span> <span class='ocrx_word' id='word_1_165' title='bbox 438 3520 498 3575; x_wconf 91' lang='lat' dir='ltr'>aut</span> <span class='ocrx_word' id='word_1_166' title='bbox 518 3496 644 3573; x_wconf 85' lang='lat' dir='ltr'>seriem</span> <span class='ocrx_word' id='word_1_167' title='bbox 668 3501 880 3579; x_wconf 83' lang='lat' dir='ltr'>innexarum</span> <span class='ocrx_word' id='word_1_168' title='bbox 907 3498 971 3574; x_wconf 86' lang='lat' dir='ltr'>fibi</span> <span class='ocrx_word' id='word_1_169' title='bbox 991 3502 1134 3577; x_wconf 85' lang='lat' dir='ltr'>ratioci-</span> 
     </span>
     <span class='ocr_line' id='line_1_31' title="bbox 332 3596 1130 3675; baseline 0.003 -3"><span class='ocrx_word' id='word_1_170' title='bbox 332 3599 525 3673; x_wconf 88' lang='lat' dir='ltr'>nationum</span> <span class='ocrx_word' id='word_1_171' title='bbox 546 3596 615 3674; x_wconf 86' lang='lat' dir='ltr'>elle</span> <span class='ocrx_word' id='word_1_172' title='bbox 645 3596 864 3675; x_wconf 83' lang='lat' dir='ltr'>defuturam.</span> <span class='ocrx_word' id='word_1_173' title='bbox 914 3596 1008 3675; x_wconf 91' lang='lat' dir='ltr'>Non</span> <span class='ocrx_word' id='word_1_174' title='bbox 1032 3602 1130 3674; x_wconf 89' lang='lat' dir='ltr'>enim</span> 
     </span>
     <span class='ocr_line' id='line_1_32' title="bbox 331 3694 1131 3875; baseline 0.003 -103"><span class='ocrx_word' id='word_1_175' title='bbox 331 3694 515 3799; x_wconf 79' lang='lat' dir='ltr'>sententiis</span> <span class='ocrx_word' id='word_1_176' title='bbox 536 3698 643 3796; x_wconf 81' lang='lat' dir='ltr'>nudis</span> <span class='ocrx_word' id='word_1_177' title='bbox 665 3723 745 3776; x_wconf 86' lang='lat' dir='ltr'>rem</span> <span class='ocrx_word' id='word_1_178' title='bbox 766 3700 908 3803; x_wconf 78' lang='lat' dir='ltr'>agimus</span> <span class='ocrx_word' id='word_1_179' title='bbox 919 3746 951 3875; x_wconf 78' lang='lat' dir='ltr'>,s</span> <span class='ocrx_word' id='word_1_180' title='bbox 963 3697 1026 3774; x_wconf 90' lang='lat' dir='ltr'>sed</span> <span class='ocrx_word' id='word_1_181' title='bbox 1045 3723 1131 3774; x_wconf 86' lang='lat' dir='ltr'>con-</span> 
     </span>
    </p>

    <p class='ocr_par' dir='ltr' id='par_1_9' title="bbox 942 3822 1081 3901">
     <span class='ocr_line' id='line_1_33' title="bbox 942 3822 1081 3901; baseline 0 -26"><span class='ocrx_word' id='word_1_182' title='bbox 942 3822 1081 3901; x_wconf 85' lang='lat' dir='ltr'>equen-</span> 
     </span>
    </p>
   </div>
   <div class='ocr_carea' id='block_1_5' title="bbox 0 0 1376 4575">
    <p class='ocr_par' dir='ltr' id='par_1_10' title="bbox 0 0 1376 4575">
     <span class='ocr_line' id='line_1_34' title="bbox 0 0 1376 4575; baseline 0 13"><span class='ocrx_word' id='word_1_183' title='bbox 0 0 1376 4575; x_wconf 95' lang='lat' dir='ltr'> </span> 
     </span>
    </p>
   </div>
  </div>
 </body>
</html>
