2742 4575
182 632 184 636 ·
272 588 748 692 scuosas'rtc‘osum.
777 627 812 691 c.
838 626 911 692 vn.
940 608 996 714 85'
1043 577 1057 733 ἰ
1092 626 1094 630 ⁴

203 781 243 857 in
270 777 402 856 nostris
433 777 802 881 argumentationibus
832 780 1031 874 medius‚·

202 904 315 980 quem
336 901 469 955 vocant
494 878 668 954 terminus
685 880 723 965 ln
742 880 927 981 principali
946 905 999 959 ra-
1037 912 1040 918 ¹

203 978 445 1074 t'ioci‘ttationis
457 975 540 1069 sede
556 976 617 1053 seu
629 976 858 1079 syllogismo,
878 1003 923 1056 ex
938 978 999 1056 su·
1044 988 1048 1005 “

211 1086 216 1092 ’
253 1080 326 1154 tius
343 1076 500 1154 indicato
518 1077 620 1152 verbi
646 1076 759 1152 divini
782 1078 844 1155 seu
865 1078 1004 1180 sctipti,‘
1217 1156 1219 1161 Α

167 1261 170 1267 ,
221 1203 270 1275 eu
289 1175 426 1267 traditi,
450 1177 494 1253 ab
515 1173 655 1253 ecclefia
682 1176 788 1254 nobis
810 1175 1001 1280 propostti,
1105 1191 1108 1195 ’

204 1279 358 1353 armario
371 1273 667 1375 depromendus3
693 1278 752 1351 cui
768 1276 795 1352 st
811 1303 831 1354 a
849 1278 1001 1369 ratione,

204 1397 266 1453 aut
287 1400 331 1451 ex
356 1372 606 1478 philosophia,
630 1393 780 1451 extrema
807 1375 1003 1464 addantur,

203 1473 387 1551 conclufio
415 1470 500 1550 inde
529 1464 642 1566 fluet,
672 1472 874 1555 dourinam
895 1471 1017 1561 theo·,
1139 1549 1147 1568 ,

165 1634 168 1640 .
202 1576 362 1678 logicam
383 1573 552 1675 paritura.

254 1773 303 1852 X.
327 1771 416 1848 Duo
432 1758 587 1849 hiesum
598 1790 700 1849 caute
714 1767 914 1852 declinandi
926 1769 1004 1849 sco
1015 1800 1129 1880 Qum
1146 1755 1180 1866 „2
1215 1826 1222 1839 .

207 1872 306 1976 puli,
332 1896 378 1946 ne
397 1869 476 1947 talia
488 1892 699 1972 argumenta
715 1869 946 1974 effingamus,
966 1874 1047 1950 insu
1071 1885 1181 1964 princi·

206 1971 340 2071 quibus
362 1967 581 2048 adversarius
605 1969 723 2071 ipsum
750 1974 917 2063 rationis,
941 1971 1002 2048 seu
1016 1970 1138 2067 piorum.
1197 2006 1203 2018 ·

207 2067 450 2174 philosophiae
481 2071 623 2147 axioma
652 2071 691 2144 in
717 2068 869 2147 dubium
895 2065 1139 2148 reuo-tanonls

206 2195 287 2248 cate
310 2163 443 2270 possit:
478 2183 563 2243 eum
597 2191 678 2246 tum
704 2167 896 2272 disputatio
926 2133 1155 2248 nonnas-enda

205 2269 360 2371 amplius
384 2264 512 2345 'theolo
541 2270 620 2360 ca,
657 2265 719 2347 sed
755 2269 1006 2373 'philosophica
1191 2293 1193 2297 ⁴

206 2367 329 2448 futura
342 2366 403 2459 lit,
416 2377 463 2444 ut'·
473 2368 518 2446 ali
544 2370 641 2468 iiam
658 2374 799 2450 monui.
844 2372 933 2448 Hoc
949 2374 1006 2447 vi-

206 2471 356 2547 tium'in
378 2466 590 2544 scholasticis
617 2482 757 2545 taxatur
781 2472 934 2585 paritet,
953 2490 1006 2546 at·
1061 2484 1064 2491 ’

237 2593 284 2645 ue
305 2564 391 2643 illud
419 2564 639 2656 secundum,
660 2563 764 2665 quod
784 2594 822 2643 m
847 2568 930 2645 suis.
951 2565 1007 2641 di·
1070 2656 1072 2659 Α

206 2595 472 2771 hatationibus
493 2665 741 2765 exprincipiis
766 2666 916 2771 logicis,
933 2688 1006 2767 pro

208 2766 336 2844 medio
350 2765 507 2842 termino
519 2762 665 2855 sumtis,
683 2760 884 2866 disputant,
899 2791 938 2842 ac
950 2763 1021 2839 ina

207 2863 256 2946 de
276 2855 353 2943 suas
372 2862 619 2940 conclostones
635 2864 828 2953 accersunt,
861 2863 1006 2965 Propo·

207 2964 282 3043 litis
298 2972 455 3064 namque
468 2961 746 3062 quaestionibus,
763 2988 839 3038 non
853 2962 1005 3063 scriptu-

207 3088 281 3143 ras
302 3086 525 3159 caeterosque
563 3061 859 3163 theologicorum
898 3085 1005 3163 argu·

207 3184 421 3241 mentorum
438 3162 542 3240 locos
562 3187 602 3239 ac
620 3160 742 3252 sedes,
764 3158 825 3238 sed
847 3165 1007 3237 axioma-
1101 3211 1103 3216 .
1165 3209 1173 3218 -

208 3284 246 3342 ta
266 3264 304 3341 &
321 3264 492 3340 maximas
505 3282 545 3337 to
573 3264 661 3352 icas,
675 3276 740 3339 'aut
755 3286 801 3339 eo
823 3268 929 3337 etiam
945 3260 1008 3336 ali·

208 3360 300 3461 quid
329 3363 475 3453 minus,
507 3287 761 3453 suhsternu'nt,
785 3362 823 3435 in
857 3374 1007 3435 eorum·

211 3461 214 3473 '
236 3486 283 3537 ue
298 3459 598 3561 disputationibus
613 3458 685 3535 loci
703 3457 900 3560 theologici
912 3458 1007 3533 muti

206 3486 331 3653 punt„
359 3561 411 3634 At
432 3582 502 3636 nos
528 3557 575 3634 de
594 3557 778 3661 theologia
802 3582 848 3634 ex
900 3557 1007 3632 rinei·
1100 3558 1108 3595 ·'
1159 3601 1162 3608 -
1221 3609 1226 3616 -

206 3663 281 3765 piis
313 3656 438 3733 theolo
467 3659 528 3733 ‘cis
561 3654 816 3758 disputandum
850 3583 1008 3733 elevet

205 3757 258 3841 ex'
287 3756 362 3863 ipsa
390 3681 622 3862 phlosophta
654 3753 851 3843 discimus,
885 3777 1015 3853 neque
1105 3781 1106 3785 ¹

550 3854 583 3938 F
607 3874 634 3963 a
820 3864 963 3959 yaganf
