2742 4575
207 764 356 846 judicium

208 851 250 913 de
264 870 343 913 nexu

208 933 317 996 rationi

210 1015 361 1095 competit

381 592 445 700 92³
501 550 1079 660 nunnioni-exeneis.
1128 592 1133 601 ·

430 755 517 831 XV.
543 754 633 831 Hoc
654 774 773 832 nutem
794 752 970 854 iudicium
988 749 1054 828 nist
1067 752 1184 830 ratio-

381 857 420 930 ni
437 854 673 949 concedatur'‚
691 852 862 957 disputari
876 854 1029 952 amplius
1041 852 1186 950 nequit,

385 954 450 1031 nili
477 953 573 1031 forte
606 979 674 1054 per
701 953 836 1030 nudam
858 951 1062 1039 historicam
1090 951 1185 1028 rela-

384 1056 534 1132 tionem.
583 1051 896 1157 Qan'doquidem
914 1077 1005 1129 vero
1025 1051 1186 1128 demon·

384 1152 507 1230 stratio
528 1155 566 1232 ἃ
590 1151 775 1251 εοῃνίἃίο
798 1151 877 1229 fieri
905 1149 1041 1242 debet,
1072 1152 1185 1227 etiam

384 1254 448 1328 ubi
472 1253 613 1329 medius
635 1255 809 1330 terminus
834 1276 880 1329 ex
906 1248 1089 1353 scripturis
1114 1248 1186 1340 est,

385 1348 530 1450 semper
548 1351 607 1428 hic
626 1350 711 1429 usus
733 1354 879 1431 rationis
904 1348 1101 1428 intercedit.
1136 1349 1186 1425 Et

385 1455 560 1552 qnoniam
589 1452 780 1541 usuvenit,
809 1476 856 1528 eo
886 1452 992 1527 etiam
1013 1452 1051 1525 in
1071 1448 1187 1551 syllo-

385 1551 525 1654 gismo,
547 1551 649 1651 cujus
670 1548 811 1627 medius
833 1552 1008 1627 terminus
1023 1573 1069 1627 ex
1093 1573 1186 1625 con-

384 1655 486 1754 gruis
511 1650 635 1729 theolo
663 1652 708 1727 iae
725 1649 865 1727 sedibus
881 1648 933 1726 est
955 1648 1187 1751 depromttts,

385 1772 429 1827 ut
453 1775 588 1829 nexum
612 1754 619 1768 '
645 1775 711 1828 unt
730 1749 840 1827 medii
858 1750 1001 1826 termini
1019 1773 1107 1824 cum
1122 1772 1188 1824 ex-

386 1853 511 1935 tremis
543 1877 589 1926 ne
616 1871 652 1926 et
679 1848 926 1941 adversarius,
957 1846 1107 1937 accidit,
1143 1867 1189 1924 ut

250 2052 255 2061 Ι
377 1948 558 2027 itliorsum
598 1948 782 2028 eflestntur
793 1948 1003 2050 disputatio,
1021 1972 1089 2024 nec
1100 1971 1190 2048 pro-

387 2051 486 2125 xime
519 2046 565 2125 de
599 2048 827 2125 conclusione
855 2048 908 2125 illa
934 2046 1139 2149 theologica
1167 2072 1189 2126 tt

388 2148 496 2225 nobis
517 2151 671 2234 intente,
704 2146 766 2224 sed
792 2147 838 2225 de
859 2171 955 2225 nexu
975 2145 1075 2224 medii
1100 2171 1190 2223 cum

387 2251 546 2323 extremit
570 2245 760 2347 procedat:
785 2246 879 2325 aliud
894 2270 1013 2326 nutem
1032 2245 1083 2324 est
1098 2271 1191 2323 con-

387 2347 498 2422 clusio
517 2346 739 2449 theologica,
755 2345 829 2423 five
852 2373 966 2424 nexus
984 2348 1189 2448 majoris&

388 2449 541 2523 minoris
575 2449 755 2540 extremi3
794 2447 889 2524 aliud
929 2472 1044 2523 nexus
1076 2446 1190 2523 medii

388 2573 474 2623 cum
493 2548 672 2625 extremis.
698 2547 876 2625 Probatur
887 2545 1068 2622 conclufio
1082 2544 1191 2622 theo-

388 2647 506 2751 logico
526 2672 593 2749 per
613 2645 789 2724 medium
802 2648 999 2724 terminum
1021 2648 1190 2747 egenui-

389 2749 445 2824 nis
475 2746 773 2848 theologicorum
805 2768 1107 2847 argumentorum
1133 2745 1192 2823 lo-

389 2850 440 2922 cis
465 2849 640 2947 petitum3
672 2842 861 2922 ostendere
886 2849 976 2921 vero
1001 2870 1071 2921 nos
1095 2845 1191 2921 bene

389 2945 475 3024 usos
501 2948 682 3048 principio
704 2943 934 3047 theologico,
955 2968 1023 3044 per
1039 2946 1192 3023 rationis

389 3048 565 3145 principia
590 3042 781 3121 neceffurio
805 3043 863 3135 fit3
888 3069 965 3141 quo
981 3040 1129 3134 accidit,
1147 3066 1192 3121 ut

391 3145 599 3224 rationabile
618 3147 724 3221 etiam
747 3141 789 3218 sit
812 3141 898 3219 fidei
922 3142 1056 3218 nostroe
1083 3141 1191 3221 obse-

392 3248 533 3344 quium.
593 3244 670 3344 Qu
697 3246 807 3331 enim,
843 3242 1011 3343 praeciare
1033 3246 1079 3317 in·
1096 3242 1193 3321 hanc

392 3370 472 3422 rem
490 3346 653 3443 loquitur
666 3345 701 3421 S.
719 3341 933 3419 Cernens
946 3340 1119 3420 Alexand.
1134 3345 1191 3439 (a)

391 3470 436 3523 ex
455 3440 777 3545 demonstrationibus
793 3437 964 3546 conficitur
980 3444 1103 3529 oratio,
1114 3445 1193 3544 per.

390 3544 511 3645 fecium
536 3547 646 3619 animo
660 3544 754 3645 satit
763 3538 889 3649 fidene,
915 3542 984 3648 ejus
1005 3539 1097 3643 quod.
1111 3567 1192 3618 con.

385 3641 539 3754 sequitur
548 3671 564 3740 ,ἡ
585 3660 624 3722 ut
647 3666 713 3719 non
730 3658 844 3746 putet,
864 3638 919 3730 id,
941 3639 1031 3745 quod
1053 3639 1193 3720 demon.

323 3792 327 3799 -
1103 3766 1145 3817 a-

435 3871 483 3953 ta.)
503 3870 536 3935 ι.
553 3867 576 3933 1.
593 3866 720 3933 stromat.
