<?xml version="1.0" encoding="UTF-8"?>
<!DOCTYPE html PUBLIC "-//W3C//DTD XHTML 1.0 Transitional//EN"
    "http://www.w3.org/TR/xhtml1/DTD/xhtml1-transitional.dtd">
<html xmlns="http://www.w3.org/1999/xhtml" xml:lang="en" lang="en">
 <head>
  <title>
</title>
<meta http-equiv="Content-Type" content="text/html;charset=utf-8" />
  <meta name='ocr-system' content='tesseract 3.04.00' />
  <meta name='ocr-capabilities' content='ocr_page ocr_carea ocr_par ocr_line ocrx_word'/>
</head>
<body>
  <div class='ocr_page' id='page_1' title='image "./derectoetperver00gerbgoog_0357.png"; bbox 0 0 2742 4575; ppageno 0'>
   <div class='ocr_carea' id='block_1_1' title="bbox 271 562 1005 671">
    <p class='ocr_par' dir='ltr' id='par_1_1' title="bbox 271 562 1005 671">
     <span class='ocr_line' id='line_1_1' title="bbox 271 562 1005 671; baseline -0.005 -39"><span class='ocrx_word' id='word_1_1' title='bbox 271 562 891 633; x_wconf 39' lang='lat' dir='ltr'>senorisatcoaunscsnc</span> <span class='ocrx_word' id='word_1_2' title='bbox 927 580 1005 671; x_wconf 85' lang='lat'>125</span> 
     </span>
    </p>
   </div>
   <div class='ocr_carea' id='block_1_2' title="bbox 180 728 1198 2503">
    <p class='ocr_par' dir='ltr' id='par_1_2' title="bbox 208 728 1005 821">
     <span class='ocr_line' id='line_1_2' title="bbox 208 728 1005 821; baseline -0.004 -12"><span class='ocrx_word' id='word_1_3' title='bbox 208 730 288 809; x_wconf 85' lang='lat' dir='ltr'>stris</span> <span class='ocrx_word' id='word_1_4' title='bbox 313 729 573 806; x_wconf 80' lang='lat' dir='ltr'>contentiosius</span> <span class='ocrx_word' id='word_1_5' title='bbox 600 731 638 804; x_wconf 92' lang='lat' dir='ltr'>in</span> <span class='ocrx_word' id='word_1_6' title='bbox 669 728 822 804; x_wconf 86' lang='lat' dir='ltr'>dubium</span> <span class='ocrx_word' id='word_1_7' title='bbox 850 751 1005 821; x_wconf 81' lang='lat' dir='ltr'>vocent,</span> 
     </span>
    </p>

    <p class='ocr_par' dir='ltr' id='par_1_3' title="bbox 203 828 1198 1406">
     <span class='ocr_line' id='line_1_3' title="bbox 205 828 1198 932; baseline -0.009 -26"><span class='ocrx_word' id='word_1_8' title='bbox 205 831 310 931; x_wconf 88' lang='lat' dir='ltr'>quod</span> <span class='ocrx_word' id='word_1_9' title='bbox 341 828 397 908; x_wconf 72' lang='lat' dir='ltr'>ad·v</span> <span class='ocrx_word' id='word_1_10' title='bbox 414 829 599 929; x_wconf 83' lang='lat' dir='ltr'>religionis</span> <span class='ocrx_word' id='word_1_11' title='bbox 626 829 817 930; x_wconf 84' lang='lat' dir='ltr'>negotium</span> <span class='ocrx_word' id='word_1_12' title='bbox 849 832 1031 932; x_wconf 83' lang='lat' dir='ltr'>propius¹</span> <span class='ocrx_word' id='word_1_13' title='bbox 1139 867 1156 897; x_wconf 90' lang='lat'>.·</span> <span class='ocrx_word' id='word_1_14' title='bbox 1193 886 1198 897; x_wconf 86' lang='lat'>.</span> 
     </span>
     <span class='ocr_line' id='line_1_4' title="bbox 206 927 1161 1032; baseline -0.004 -25"><span class='ocrx_word' id='word_1_15' title='bbox 206 927 654 1032; x_wconf 81' lang='lat' dir='ltr'>pertinet‚&amp;eruditionis</span> <span class='ocrx_word' id='word_1_16' title='bbox 666 930 916 1025; x_wconf 82' lang='lat' dir='ltr'>momentique</span> <span class='ocrx_word' id='word_1_17' title='bbox 926 954 1004 1005; x_wconf 89' lang='lat' dir='ltr'>non</span> <span class='ocrx_word' id='word_1_18' title='bbox 1119 996 1161 1028; x_wconf 80' lang='grc' dir='ltr'> </span> 
     </span>
     <span class='ocr_line' id='line_1_5' title="bbox 205 1023 1143 1128; baseline -0.004 -21"><span class='ocrx_word' id='word_1_19' title='bbox 205 1030 394 1107; x_wconf 90' lang='lat' dir='ltr'>modicum</span> <span class='ocrx_word' id='word_1_20' title='bbox 406 1025 601 1128; x_wconf 81' lang='lat' dir='ltr'>praesesert.</span> <span class='ocrx_word' id='word_1_21' title='bbox 624 1028 681 1103; x_wconf 91' lang='lat' dir='ltr'>De</span> <span class='ocrx_word' id='word_1_22' title='bbox 699 1027 772 1104; x_wconf 86' lang='lat' dir='ltr'>aliis</span> <span class='ocrx_word' id='word_1_23' title='bbox 786 1027 894 1104; x_wconf 86' lang='lat' dir='ltr'>rebus</span> <span class='ocrx_word' id='word_1_24' title='bbox 904 1028 1006 1105; x_wconf 85' lang='lat' dir='ltr'>theo·</span> <span class='ocrx_word' id='word_1_25' title='bbox 1123 1023 1143 1067; x_wconf 58' lang='lat'><strong><em>³</em></strong></span> 
     </span>
     <span class='ocr_line' id='line_1_6' title="bbox 205 1125 1003 1230; baseline -0.005 -24"><span class='ocrx_word' id='word_1_26' title='bbox 205 1128 440 1230; x_wconf 84' lang='lat' dir='ltr'>logodignis</span> <span class='ocrx_word' id='word_1_27' title='bbox 459 1125 821 1228; x_wconf 82' lang='lat' dir='ltr'>pacificeconventio</span> <span class='ocrx_word' id='word_1_28' title='bbox 836 1125 920 1203; x_wconf 88' lang='lat' dir='ltr'>fiat:</span> <span class='ocrx_word' id='word_1_29' title='bbox 947 1130 1003 1214; x_wconf 64' lang='lat' dir='ltr'>in,</span> 
     </span>
     <span class='ocr_line' id='line_1_7' title="bbox 203 1224 1075 1327; baseline -0.003 -21"><span class='ocrx_word' id='word_1_30' title='bbox 203 1253 391 1310; x_wconf 87' lang='lat' dir='ltr'>certorum</span> <span class='ocrx_word' id='word_1_31' title='bbox 416 1229 455 1304; x_wconf 73' lang='grc' dir='ltr'>ἃ</span> <span class='ocrx_word' id='word_1_32' title='bbox 482 1227 688 1327; x_wconf 83' lang='lat' dir='ltr'>jurgiorum</span> <span class='ocrx_word' id='word_1_33' title='bbox 711 1224 1005 1304; x_wconf 88' lang='lat' dir='ltr'>scholasticorum</span> <span class='ocrx_word' id='word_1_34' title='bbox 1063 1224 1075 1247; x_wconf 53' lang='lat' dir='ltr'>s</span> 
     </span>
     <span class='ocr_line' id='line_1_8' title="bbox 205 1323 1003 1406; baseline -0.005 -1"><span class='ocrx_word' id='word_1_35' title='bbox 205 1329 301 1406; x_wconf 89' lang='lat' dir='ltr'>nulla</span> <span class='ocrx_word' id='word_1_36' title='bbox 316 1330 407 1404; x_wconf 88' lang='lat' dir='ltr'>ratio</span> <span class='ocrx_word' id='word_1_37' title='bbox 421 1325 602 1405; x_wconf 80' lang='lat' dir='ltr'><strong>habeatur.</strong></span> <span class='ocrx_word' id='word_1_38' title='bbox 626 1323 935 1404; x_wconf 84' lang='lat' dir='ltr'>Universrmvero</span> <span class='ocrx_word' id='word_1_39' title='bbox 947 1328 1003 1402; x_wconf 62' lang='lat' dir='ltr'>niss</span> 
     </span>
    </p>

    <p class='ocr_par' dir='ltr' id='par_1_4' title="bbox 203 1423 1089 1828">
     <span class='ocr_line' id='line_1_9' title="bbox 204 1423 1003 1525; baseline -0.004 -21"><span class='ocrx_word' id='word_1_40' title='bbox 204 1429 256 1504; x_wconf 92' lang='lat' dir='ltr'>hil</span> <span class='ocrx_word' id='word_1_41' title='bbox 265 1430 303 1504; x_wconf 88' lang='lat' dir='ltr'>in</span> <span class='ocrx_word' id='word_1_42' title='bbox 316 1424 600 1525; x_wconf 81' lang='lat' dir='ltr'>disquisitionem</span> <span class='ocrx_word' id='word_1_43' title='bbox 614 1423 858 1525; x_wconf 79' lang='lat' dir='ltr'>theologicam</span> <span class='ocrx_word' id='word_1_44' title='bbox 868 1429 1003 1516; x_wconf 87' lang='lat' dir='ltr'>veniat,</span> 
     </span>
     <span class='ocr_line' id='line_1_10' title="bbox 203 1523 1005 1628; baseline -0.004 -25"><span class='ocrx_word' id='word_1_45' title='bbox 203 1527 309 1628; x_wconf 88' lang='lat' dir='ltr'>quod</span> <span class='ocrx_word' id='word_1_46' title='bbox 329 1552 396 1615; x_wconf 83' lang='lat' dir='ltr'>ea,</span> <span class='ocrx_word' id='word_1_47' title='bbox 416 1523 463 1600; x_wconf 90' lang='lat' dir='ltr'>de</span> <span class='ocrx_word' id='word_1_48' title='bbox 476 1542 547 1621; x_wconf 86' lang='lat' dir='ltr'>qua</span> <span class='ocrx_word' id='word_1_49' title='bbox 572 1548 629 1600; x_wconf 88' lang='lat' dir='ltr'>res</span> <span class='ocrx_word' id='word_1_50' title='bbox 649 1527 784 1625; x_wconf 84' lang='lat' dir='ltr'>agitur,</span> <span class='ocrx_word' id='word_1_51' title='bbox 802 1524 1005 1624; x_wconf 81' lang='lat' dir='ltr'>theologia,</span> 
     </span>
     <span class='ocr_line' id='line_1_11' title="bbox 203 1624 1089 1724; baseline -0.008 -20"><span class='ocrx_word' id='word_1_52' title='bbox 203 1626 370 1704; x_wconf 82' lang='lat' dir='ltr'>revelatis</span> <span class='ocrx_word' id='word_1_53' title='bbox 386 1624 558 1700; x_wconf 90' lang='lat' dir='ltr'>nimirum</span> <span class='ocrx_word' id='word_1_54' title='bbox 581 1624 789 1708; x_wconf 75' lang='lat' dir='ltr'>veritatibus</span> <span class='ocrx_word' id='word_1_55' title='bbox 803 1627 903 1715; x_wconf 89' lang='lat' dir='ltr'>nixa,</span> <span class='ocrx_word' id='word_1_56' title='bbox 917 1648 1002 1724; x_wconf 88' lang='lat' dir='ltr'>pro-</span> <span class='ocrx_word' id='word_1_57' title='bbox 1087 1698 1089 1706; x_wconf 78' lang='grc'><em>,</em></span> 
     </span>
     <span class='ocr_line' id='line_1_12' title="bbox 205 1720 1002 1828; baseline -0.003 -27"><span class='ocrx_word' id='word_1_58' title='bbox 205 1729 329 1828; x_wconf 88' lang='lat' dir='ltr'>prium</span> <span class='ocrx_word' id='word_1_59' title='bbox 343 1723 405 1800; x_wconf 82' lang='lat' dir='ltr'>sibi</span> <span class='ocrx_word' id='word_1_60' title='bbox 423 1748 501 1800; x_wconf 88' lang='lat' dir='ltr'>nou</span> <span class='ocrx_word' id='word_1_61' title='bbox 515 1721 701 1798; x_wconf 88' lang='lat' dir='ltr'>vendicet:</span> <span class='ocrx_word' id='word_1_62' title='bbox 726 1721 800 1798; x_wconf 93' lang='lat' dir='ltr'>hoc</span> <span class='ocrx_word' id='word_1_63' title='bbox 812 1720 882 1810; x_wconf 85' lang='lat' dir='ltr'>est,</span> <span class='ocrx_word' id='word_1_64' title='bbox 897 1720 1002 1824; x_wconf 88' lang='lat' dir='ltr'>quod</span> 
     </span>
    </p>

    <p class='ocr_par' dir='ltr' id='par_1_5' title="bbox 205 1820 1004 1924">
     <span class='ocr_line' id='line_1_13' title="bbox 205 1820 1004 1924; baseline -0.006 -23"><span class='ocrx_word' id='word_1_65' title='bbox 205 1827 253 1902; x_wconf 78' lang='lat' dir='ltr'>ex</span> <span class='ocrx_word' id='word_1_66' title='bbox 269 1825 398 1901; x_wconf 88' lang='lat' dir='ltr'>nativis</span> <span class='ocrx_word' id='word_1_67' title='bbox 413 1849 453 1900; x_wconf 92' lang='lat' dir='ltr'>ac</span> <span class='ocrx_word' id='word_1_68' title='bbox 474 1847 560 1898; x_wconf 90' lang='lat' dir='ltr'>vere</span> <span class='ocrx_word' id='word_1_69' title='bbox 582 1820 796 1922; x_wconf 86' lang='lat' dir='ltr'>theologicis</span> <span class='ocrx_word' id='word_1_70' title='bbox 817 1823 1004 1924; x_wconf 77' lang='lat' dir='ltr'>principiis</span> 
     </span>
    </p>

    <p class='ocr_par' dir='ltr' id='par_1_6' title="bbox 180 1919 1158 2503">
     <span class='ocr_line' id='line_1_14' title="bbox 204 1919 1158 2026; baseline -0.006 -24"><span class='ocrx_word' id='word_1_71' title='bbox 204 1949 284 2002; x_wconf 92' lang='lat' dir='ltr'>non</span> <span class='ocrx_word' id='word_1_72' title='bbox 302 1922 343 2000; x_wconf 83' lang='lat' dir='ltr'>sit</span> <span class='ocrx_word' id='word_1_73' title='bbox 355 1923 567 2026; x_wconf 88' lang='lat' dir='ltr'>repetitum:</span> <span class='ocrx_word' id='word_1_74' title='bbox 593 1919 695 2020; x_wconf 91' lang='lat' dir='ltr'>quod</span> <span class='ocrx_word' id='word_1_75' title='bbox 709 1920 806 1996; x_wconf 90' lang='lat' dir='ltr'>mihi-</span> <span class='ocrx_word' id='word_1_76' title='bbox 815 1920 858 1998; x_wconf 86' lang='lat' dir='ltr'>ad</span> <span class='ocrx_word' id='word_1_77' title='bbox 871 1919 1002 1998; x_wconf 89' lang='lat' dir='ltr'>restau-</span> <span class='ocrx_word' id='word_1_78' title='bbox 1121 1996 1125 2009; x_wconf 82' lang='grc'><em>,</em></span> <span class='ocrx_word' id='word_1_79' title='bbox 1154 1924 1158 1945; x_wconf 88' lang='grc'><strong>’</strong></span> 
     </span>
     <span class='ocr_line' id='line_1_15' title="bbox 204 2019 1002 2123; baseline -0.005 -22"><span class='ocrx_word' id='word_1_80' title='bbox 204 2021 403 2102; x_wconf 89' lang='lat' dir='ltr'>randamac</span> <span class='ocrx_word' id='word_1_81' title='bbox 416 2023 642 2123; x_wconf 75' lang='lat' dir='ltr'>prim&#39;oeniae</span> <span class='ocrx_word' id='word_1_82' title='bbox 653 2019 726 2096; x_wconf 86' lang='lat' dir='ltr'>suae</span> <span class='ocrx_word' id='word_1_83' title='bbox 742 2022 935 2122; x_wconf 88' lang='lat' dir='ltr'>integritati</span> <span class='ocrx_word' id='word_1_84' title='bbox 944 2047 1002 2097; x_wconf 88' lang='lat' dir='ltr'>re-</span> 
     </span>
     <span class='ocr_line' id='line_1_16' title="bbox 180 2047 1098 2225; baseline 0 -24"><span class='ocrx_word' id='word_1_85' title='bbox 180 2119 418 2201; x_wconf 63' lang='lat' dir='ltr'>„stituendam</span> <span class='ocrx_word' id='word_1_86' title='bbox 433 2047 655 2225; x_wconf 71' lang='lat' dir='ltr'>theologiam</span> <span class='ocrx_word' id='word_1_87' title='bbox 664 2119 799 2219; x_wconf 79' lang='lat' dir='ltr'>‚idque</span> <span class='ocrx_word' id='word_1_88' title='bbox 816 2120 1002 2197; x_wconf 86' lang='lat' dir='ltr'>ehminan-</span> <span class='ocrx_word' id='word_1_89' title='bbox 1088 2167 1098 2201; x_wconf 92' lang='lat'>·.</span> 
     </span>
     <span class='ocr_line' id='line_1_17' title="bbox 203 2221 1001 2323; baseline -0.001 -23"><span class='ocrx_word' id='word_1_90' title='bbox 203 2223 316 2314; x_wconf 86' lang='lat' dir='ltr'>dum,</span> <span class='ocrx_word' id='word_1_91' title='bbox 337 2221 446 2322; x_wconf 90' lang='lat' dir='ltr'>quod</span> <span class='ocrx_word' id='word_1_92' title='bbox 465 2233 696 2323; x_wconf 71' lang='lat' dir='ltr'>&#39;corruptum</span> <span class='ocrx_word' id='word_1_93' title='bbox 709 2221 860 2299; x_wconf 90' lang='lat' dir='ltr'>clamant</span> <span class='ocrx_word' id='word_1_94' title='bbox 886 2223 1001 2313; x_wconf 88' lang='lat' dir='ltr'>inea,</span> 
     </span>
     <span class='ocr_line' id='line_1_18' title="bbox 201 2319 1049 2502; baseline -0.004 -102"><span class='ocrx_word' id='word_1_95' title='bbox 201 2322 516 2502; x_wconf 68' lang='lat' dir='ltr'>praesentissimum</span> <span class='ocrx_word' id='word_1_96' title='bbox 530 2321 733 2402; x_wconf 89' lang='lat' dir='ltr'>remedium</span> <span class='ocrx_word' id='word_1_97' title='bbox 754 2319 931 2423; x_wconf 75' lang='lat' dir='ltr'>superesse</span> <span class='ocrx_word' id='word_1_98' title='bbox 945 2325 1001 2401; x_wconf 89' lang='lat' dir='ltr'>vi·</span> <span class='ocrx_word' id='word_1_99' title='bbox 1046 2337 1049 2342; x_wconf 88' lang='grc'><strong>’</strong></span> 
     </span>
     <span class='ocr_line' id='line_1_19' title="bbox 231 2447 324 2503; baseline 0.011 -1"><span class='ocrx_word' id='word_1_100' title='bbox 231 2447 324 2503; x_wconf 88' lang='lat' dir='ltr'>etur.</span> 
     </span>
    </p>
   </div>
   <div class='ocr_carea' id='block_1_3' title="bbox 197 2613 1238 3897">
    <p class='ocr_par' dir='ltr' id='par_1_7' title="bbox 197 2613 1238 3817">
     <span class='ocr_line' id='line_1_20' title="bbox 248 2613 1238 2724; baseline -0.001 -28"><span class='ocrx_word' id='word_1_101' title='bbox 248 2618 497 2718; x_wconf 23' lang='lat' dir='ltr'>&#39;Xlqueque</span> <span class='ocrx_word' id='word_1_102' title='bbox 508 2613 582 2696; x_wconf 91' lang='lat' dir='ltr'>hoc</span> <span class='ocrx_word' id='word_1_103' title='bbox 594 2617 737 2696; x_wconf 90' lang='lat' dir='ltr'>difficile</span> <span class='ocrx_word' id='word_1_104' title='bbox 754 2616 918 2695; x_wconf 87' lang='lat' dir='ltr'>futurum</span> <span class='ocrx_word' id='word_1_105' title='bbox 932 2615 1002 2709; x_wconf 83' lang='lat' dir='ltr'>est,</span> <span class='ocrx_word' id='word_1_106' title='bbox 1015 2646 1081 2724; x_wconf 78' lang='lat' dir='ltr'>Qua</span> <span class='ocrx_word' id='word_1_107' title='bbox 1091 2648 1179 2712; x_wconf 74' lang='lat' dir='ltr'>ratio.</span> <span class='ocrx_word' id='word_1_108' title='bbox 1219 2675 1238 2700; x_wconf 81' lang='grc'>.,</span> 
     </span>
     <span class='ocr_line' id='line_1_21' title="bbox 203 2716 1163 2819; baseline -0.002 -22"><span class='ocrx_word' id='word_1_109' title='bbox 203 2742 266 2797; x_wconf 86' lang='lat' dir='ltr'>aut</span> <span class='ocrx_word' id='word_1_110' title='bbox 295 2718 380 2796; x_wconf 89' lang='lat' dir='ltr'>ideo</span> <span class='ocrx_word' id='word_1_111' title='bbox 397 2763 399 2767; x_wconf 57' lang='lat'>&lt;</span> <span class='ocrx_word' id='word_1_112' title='bbox 415 2720 581 2795; x_wconf 89' lang='lat' dir='ltr'>exercitia</span> <span class='ocrx_word' id='word_1_113' title='bbox 616 2716 821 2819; x_wconf 88' lang='lat' dir='ltr'>disputandi</span> <span class='ocrx_word' id='word_1_114' title='bbox 859 2720 1051 2796; x_wconf 87' lang='lat' dir='ltr'>interci-ne</span> <span class='ocrx_word' id='word_1_115' title='bbox 1066 2730 1163 2795; x_wconf 74' lang='lat' dir='ltr'>hatte·</span> 
     </span>
     <span class='ocr_line' id='line_1_22' title="bbox 202 2816 1158 2919; baseline -0.002 -24"><span class='ocrx_word' id='word_1_116' title='bbox 202 2818 312 2905; x_wconf 89' lang='lat' dir='ltr'>dent,</span> <span class='ocrx_word' id='word_1_117' title='bbox 333 2816 394 2894; x_wconf 89' lang='lat' dir='ltr'>sed</span> <span class='ocrx_word' id='word_1_118' title='bbox 412 2817 601 2914; x_wconf 87' lang='lat' dir='ltr'>meliorem</span> <span class='ocrx_word' id='word_1_119' title='bbox 620 2816 900 2919; x_wconf 88' lang='lat' dir='ltr'>dignioremque</span> <span class='ocrx_word' id='word_1_120' title='bbox 915 2843 1001 2895; x_wconf 86' lang='lat' dir='ltr'>nan·</span> <span class='ocrx_word' id='word_1_121' title='bbox 1012 2832 1066 2875; x_wconf 84' lang='lat' dir='ltr'>nus</span> <span class='ocrx_word' id='word_1_122' title='bbox 1085 2834 1158 2893; x_wconf 68' lang='lat' dir='ltr'>1³1ae-</span> 
     </span>
     <span class='ocr_line' id='line_1_23' title="bbox 202 2894 1162 3018; baseline 0 -23"><span class='ocrx_word' id='word_1_123' title='bbox 202 2916 380 2995; x_wconf 89' lang='lat' dir='ltr'>ciscentur</span> <span class='ocrx_word' id='word_1_124' title='bbox 393 2916 531 2995; x_wconf 87' lang='lat' dir='ltr'>faciem.</span> <span class='ocrx_word' id='word_1_125' title='bbox 573 2920 663 2993; x_wconf 90' lang='lat' dir='ltr'>Loci</span> <span class='ocrx_word' id='word_1_126' title='bbox 678 2918 888 3018; x_wconf 82' lang='lat' dir='ltr'>argumenta</span> <span class='ocrx_word' id='word_1_127' title='bbox 903 2919 1002 2995; x_wconf 92' lang='lat' dir='ltr'>colli·</span> <span class='ocrx_word' id='word_1_128' title='bbox 1013 2911 1097 2975; x_wconf 78' lang='lat' dir='ltr'>cepta</span> <span class='ocrx_word' id='word_1_129' title='bbox 1111 2894 1162 2961; x_wconf 85' lang='lat' dir='ltr'>usu</span> 
     </span>
     <span class='ocr_line' id='line_1_24' title="bbox 203 2980 1147 3121; baseline 0.001 -27"><span class='ocrx_word' id='word_1_130' title='bbox 203 3016 334 3121; x_wconf 85' lang='lat' dir='ltr'>gendi‚</span> <span class='ocrx_word' id='word_1_131' title='bbox 359 3043 401 3095; x_wconf 87' lang='lat' dir='ltr'>ac</span> <span class='ocrx_word' id='word_1_132' title='bbox 421 3015 521 3093; x_wconf 80' lang='lat' dir='ltr'>sedes</span> <span class='ocrx_word' id='word_1_133' title='bbox 535 3015 645 3118; x_wconf 86' lang='lat' dir='ltr'>longe</span> <span class='ocrx_word' id='word_1_134' title='bbox 663 3014 883 3117; x_wconf 85' lang='lat' dir='ltr'>ampliisrmae</span> <span class='ocrx_word' id='word_1_135' title='bbox 896 3016 1000 3110; x_wconf 83' lang='lat' dir='ltr'>sunt,</span> <span class='ocrx_word' id='word_1_136' title='bbox 1044 2980 1147 3107; x_wconf 42' lang='lat'>‘²⁸⁶3</span> 
     </span>
     <span class='ocr_line' id='line_1_25' title="bbox 203 3114 1154 3217; baseline -0.004 -21"><span class='ocrx_word' id='word_1_137' title='bbox 203 3140 312 3216; x_wconf 88' lang='lat' dir='ltr'>atque</span> <span class='ocrx_word' id='word_1_138' title='bbox 328 3117 446 3193; x_wconf 91' lang='lat' dir='ltr'>multo</span> <span class='ocrx_word' id='word_1_139' title='bbox 468 3116 615 3217; x_wconf 80' lang='lat' dir='ltr'>plures,</span> <span class='ocrx_word' id='word_1_140' title='bbox 633 3133 743 3215; x_wconf 86' lang='lat' dir='ltr'>quarn</span> <span class='ocrx_word' id='word_1_141' title='bbox 769 3114 856 3194; x_wconf 81' lang='lat' dir='ltr'>sicca</span> <span class='ocrx_word' id='word_1_142' title='bbox 872 3117 928 3195; x_wconf 89' lang='lat' dir='ltr'>illa</span> <span class='ocrx_word' id='word_1_143' title='bbox 940 3119 1000 3193; x_wconf 81' lang='lat' dir='ltr'>so·</span> <span class='ocrx_word' id='word_1_144' title='bbox 1100 3127 1102 3132; x_wconf 82' lang='grc'>’</span> <span class='ocrx_word' id='word_1_145' title='bbox 1151 3159 1154 3168; x_wconf 86' lang='grc'><em>·</em></span> 
     </span>
     <span class='ocr_line' id='line_1_26' title="bbox 204 3216 1000 3319; baseline 0.005 -28"><span class='ocrx_word' id='word_1_146' title='bbox 204 3216 352 3319; x_wconf 89' lang='lat' dir='ltr'>phistica</span> <span class='ocrx_word' id='word_1_147' title='bbox 373 3219 411 3292; x_wconf 92' lang='lat' dir='ltr'>in</span> <span class='ocrx_word' id='word_1_148' title='bbox 432 3241 546 3294; x_wconf 87' lang='lat' dir='ltr'>arena.</span> <span class='ocrx_word' id='word_1_149' title='bbox 595 3217 731 3316; x_wconf 89' lang='lat' dir='ltr'>Neque</span> <span class='ocrx_word' id='word_1_150' title='bbox 752 3217 850 3292; x_wconf 88' lang='lat' dir='ltr'>enim</span> <span class='ocrx_word' id='word_1_151' title='bbox 870 3219 1000 3302; x_wconf 82' lang='lat' dir='ltr'>veritas</span> 
     </span>
     <span class='ocr_line' id='line_1_27' title="bbox 204 3312 1000 3490; baseline -0.001 -95"><span class='ocrx_word' id='word_1_152' title='bbox 204 3316 429 3417; x_wconf 86' lang='lat' dir='ltr'>theologica,</span> <span class='ocrx_word' id='word_1_153' title='bbox 444 3315 651 3490; x_wconf 74' lang='lat' dir='ltr'>quareligio</span> <span class='ocrx_word' id='word_1_154' title='bbox 668 3312 870 3404; x_wconf 86' lang='lat' dir='ltr'>christiana,</span> <span class='ocrx_word' id='word_1_155' title='bbox 890 3315 1000 3394; x_wconf 86' lang='lat' dir='ltr'>fides-</span> 
     </span>
     <span class='ocr_line' id='line_1_28' title="bbox 204 3414 1000 3516; baseline 0.001 -25"><span class='ocrx_word' id='word_1_156' title='bbox 204 3442 278 3516; x_wconf 86' lang='lat' dir='ltr'>que</span> <span class='ocrx_word' id='word_1_157' title='bbox 293 3416 464 3493; x_wconf 89' lang='lat' dir='ltr'>catholica</span> <span class='ocrx_word' id='word_1_158' title='bbox 487 3414 539 3490; x_wconf 93' lang='lat' dir='ltr'>est</span> <span class='ocrx_word' id='word_1_159' title='bbox 561 3415 602 3491; x_wconf 91' lang='lat' dir='ltr'>fu</span> <span class='ocrx_word' id='word_1_160' title='bbox 617 3414 767 3506; x_wconf 83' lang='lat' dir='ltr'>cienda,</span> <span class='ocrx_word' id='word_1_161' title='bbox 790 3419 901 3492; x_wconf 88' lang='lat' dir='ltr'>tutius</span> <span class='ocrx_word' id='word_1_162' title='bbox 919 3422 1000 3493; x_wconf 87' lang='lat' dir='ltr'>fot-</span> 
     </span>
     <span class='ocr_line' id='line_1_29' title="bbox 205 3513 1126 3616; baseline -0.001 -22"><span class='ocrx_word' id='word_1_163' title='bbox 205 3521 349 3616; x_wconf 90' lang='lat' dir='ltr'>tiusque</span> <span class='ocrx_word' id='word_1_164' title='bbox 365 3513 465 3593; x_wconf 86' lang='lat' dir='ltr'>alleri</span> <span class='ocrx_word' id='word_1_165' title='bbox 478 3537 603 3612; x_wconf 86' lang='lat' dir='ltr'>queat,</span> <span class='ocrx_word' id='word_1_166' title='bbox 624 3537 685 3593; x_wconf 88' lang='lat' dir='ltr'>aut</span> <span class='ocrx_word' id='word_1_167' title='bbox 700 3515 746 3591; x_wconf 90' lang='lat' dir='ltr'>de</span> <span class='ocrx_word' id='word_1_168' title='bbox 761 3515 838 3613; x_wconf 87' lang='lat' dir='ltr'>ejus</span> <span class='ocrx_word' id='word_1_169' title='bbox 850 3514 999 3593; x_wconf 80' lang='lat' dir='ltr'>sirmita-</span> <span class='ocrx_word' id='word_1_170' title='bbox 1122 3535 1126 3546; x_wconf 86' lang='lat'><em>&#39;</em></span> 
     </span>
     <span class='ocr_line' id='line_1_30' title="bbox 197 3613 998 3713; baseline -0.004 -20"><span class='ocrx_word' id='word_1_171' title='bbox 197 3638 241 3693; x_wconf 90' lang='lat' dir='ltr'>·te</span> <span class='ocrx_word' id='word_1_172' title='bbox 263 3617 395 3693; x_wconf 90' lang='lat' dir='ltr'>certius</span> <span class='ocrx_word' id='word_1_173' title='bbox 421 3616 712 3712; x_wconf 84' lang='lat' dir='ltr'>experimentum</span> <span class='ocrx_word' id='word_1_174' title='bbox 739 3613 857 3704; x_wconf 85' lang='lat' dir='ltr'>sumi,</span> <span class='ocrx_word' id='word_1_175' title='bbox 885 3639 998 3713; x_wconf 89' lang='lat' dir='ltr'>quam</span> 
     </span>
     <span class='ocr_line' id='line_1_31' title="bbox 205 3714 1075 3817; baseline -0.003 -23"><span class='ocrx_word' id='word_1_176' title='bbox 205 3716 421 3807; x_wconf 83' lang='lat' dir='ltr'>collatione,</span> <span class='ocrx_word' id='word_1_177' title='bbox 452 3719 797 3817; x_wconf 81' lang='lat' dir='ltr'>comparationeque</span> <span class='ocrx_word' id='word_1_178' title='bbox 821 3714 998 3816; x_wconf 88' lang='lat' dir='ltr'>locorum</span> <span class='ocrx_word' id='word_1_179' title='bbox 1072 3745 1075 3752; x_wconf 94' lang='lat'><em>·</em></span> 
     </span>
    </p>

    <p class='ocr_par' dir='ltr' id='par_1_8' title="bbox 591 3839 950 3897">
     <span class='ocr_line' id='line_1_32' title="bbox 591 3839 950 3897; baseline -0.022 0"><span class='ocrx_word' id='word_1_180' title='bbox 591 3861 594 3866; x_wconf 90' lang='lat'>·</span> <span class='ocrx_word' id='word_1_181' title='bbox 645 3866 650 3877; x_wconf 94' lang='lat'><em>·</em></span> <span class='ocrx_word' id='word_1_182' title='bbox 766 3853 780 3872; x_wconf 63' lang='lat'>⁷</span> <span class='ocrx_word' id='word_1_183' title='bbox 822 3867 825 3873; x_wconf 24' lang='grc' dir='ltr'><strong>Δ</strong></span> <span class='ocrx_word' id='word_1_184' title='bbox 870 3839 950 3897; x_wconf 54' lang='lat' dir='ltr'><strong>Vera·</strong></span> 
     </span>
    </p>
   </div>
   <div class='ocr_carea' id='block_1_4' title="bbox 0 0 1376 4575">
    <p class='ocr_par' dir='ltr' id='par_1_9' title="bbox 0 0 1376 4575">
     <span class='ocr_line' id='line_1_33' title="bbox 0 0 1376 4575; baseline 0 0"><span class='ocrx_word' id='word_1_185' title='bbox 0 0 1376 4575; x_wconf 95' lang='lat' dir='ltr'> </span> 
     </span>
    </p>
   </div>
  </div>
 </body>
</html>
