2742 4575
412 558 504 648 ‘116
538 578 600 679 oar
626 575 852 642 uarrour
878 566 1108 705 aarum.

417 722 520 811 dum.
566 717 851 827 Aulioritatlbus
872 751 964 831 ergo
989 730 1224 832 potiffimum

417 832 656 936 perficiuntur
673 832 756 910 tales
769 830 1037 933 disputationes.
1149 892 1153 903 .

245 1049 400 1118 scholasti.
463 1024 1225 1137 Vl.Qrounoremedlonosoptimecou·

244 1124 382 1199 casalinis
415 1128 551 1207 sultum
576 1133 751 1208 exercitiis
771 1129 985 1208 scholasticis
1011 1128 1225 1232 disputandi

243 1216 325 1280 sume
336 1237 390 1312 une.
412 1230 621 1321 censemus,
638 1229 837 1330 praese'rtim
854 1230 975 1327 quo'ad
987 1230 1104 1306 finem
1120 1233 1224 1310 illum

243 1299 373 1444 ξξξξξξῃ
417 1330 662 1428 scopaeque,
683 1328 967 1427 quaspeuauus
983 1329 1035 1406 est
1049 1333 1089 1405 an
1104 1333 1223 1432 pam

242 1421 387 1527 sectanda·
416 1429 678 1530 'theologorum
702 1428 968 1504 adolescentum
983 1428 1224 1511 institutione

241 1565 304 1607 non
322 1549 366 1609 in.
416 1534 470 1607 Ut
486 1532 583 1605 enim
598 1528 787 1605 liberaliter
799 1527 1055 1618 demuactiam
1066 1532 1221 1630 reperiri

241 1633 385 1703 certa,&
416 1632 509 1722 inter
530 1653 588 1705 eas
609 1627 903 1744 disceptationes,
936 1653 1020 1726 quae
1042 1655 1123 1704 non
1139 1635 1222 1710 inti·

240 1712 363 1777 cadosa.
413 1754 476 1805 me
494 1747 540 1803 ex
556 1727 753 1831 theologiae
774 1725 968 1803 visceribus
986 1738 1219 1829 repetuntur,

412 1855 481 1905 nec
493 1828 732 1927 jucunditate,
747 1830 932 1927 necetiam
948 1827 1102 1905 utilitate
1111 1854 1220 1929 pror-

413 1927 473 2005 sus
489 1926 787 2021 destitutasanou
811 1925 922 2002 video
945 1947 1090 2018 tamen,
1104 1954 1219 2029 quare

410 2024 696 2104 adolescentibus
720 2024 782 2102 ista
806 2025 896 2102 tradi
925 2024 1108 2117 debeant,
1127 2029 1219 2106 dum

410 2123 660 2202 scholasticum
675 2123 887 2200 demensum
900 2127 1090 2227 accipiunt.
1117 2132 1219 2207 Anni

411 2225 585 2325 perpauci
605 2222 707 2315 sunt,
728 2225 860 2321 quibus
874 2226 1092 2303 immensum
1111 2229 1218 2308 theo-

412 2326 522 2427 logiae
532 2348 701 2422 campum
711 2324 899 2401 decurrere
909 2325 1065 2421 debent:
1082 2328 1215 2425 quodsi

414 2445 593 2525 praeterea
605 2427 641 2498 in
652 2422 755 2501 devia
770 2475 781 2513 ,
803 2428 842 2501 ἃ
858 2421 1067 2503 diverticula
1080 2429 1218 2507 ducan-

413 2522 587 2615 tur‚lieri
608 2524 709 2599 aliter
733 2549 809 2599 uon
836 2524 972 2624 potest,
995 2528 1087 2622 quin
1112 2528 1216 2606 domi

407 2626 595 2726 peregrini
619 2623 703 2713 sttit,
727 2622 790 2722 qui
813 2624 903 2701 foris
920 2627 1064 2723 semper
1082 2654 1215 2731 vagan-

410 2746 487 2821 tur,
519 2722 623 2823 Quid
644 2747 734 2798 veto
753 2723 859 2822 polilt
876 2726 1025 2825 cogitari
1048 2724 1214 2820 stultiuS,

413 2849 525 2920 quam
535 2845 699 2912 extranea
708 2829 849 2909 curare,
862 2822 1068 2899 domesticis
1089 2823 1215 2929 super-

414 2922 565 2998 sedere?
583 2920 785 2998 Necellaria
804 2926 1004 3021 praeterire,
1017 2949 1059 2997 ac
1072 2928 1215 3005 curiosa

414 3021 533 3098 solum
550 3019 779 3114 cousellari?
814 3021 932 3123 Qrod
945 3113 947 3120 Ι
962 3023 1028 3120 illis
1053 3031 1214 3104 maxime

412 3134 540 3211 nocet,
559 3122 692 3219 quibus
714 3120 948 3196 constitutum
974 3122 1025 3197 est
1042 3144 1214 3225 tempuS,

410 3246 490 3318 quo
511 3224 626 3322 prima
654 3220 810 3297 scientia
839 3220 969 3297 semina
993 3219 1064 3296 suis
1094 3230 1214 3324 perci-

339 3384 345 3400 t
409 3323 513 3421 piant
532 3322 685 3398 mimica
709 3317 887 3418 quidquid
908 3319 1120 3418 dedissit,
1147 3329 1213 3425 qui

412 3419 476 3495 fibi
495 3418 726 3509 suntrelicii',
750 3420 788 3495 ὅ(
815 3418 1059 3494 scholasticum
1108 3427 1213 3502 ulve-

406 3523 489 3595 'rem
505 3518 748 3602 absterserunt.
781 3517 891 3594 Certe
908 3449 1126 3619 auspicanda·
1139 3527 1213 3603 tali-

408 3619 478 3694 bu's
495 3620 602 3695 rebus
615 3617 728 3694 studia
746 3619 893 3692 minime
912 3615 1003 3696 sunt.
1037 3620 1081 3693 In
1099 3648 1212 3701 exco-

407 3718 512 3797 lenda
537 3719 725 3795 communi
738 3767 753 3826 2
775 3739 989 3824 receptaque
1007 3718 1211 3803 christiane

1058 3842 1164 3901 ven·
