2742 4575
264 534 616 636 scflotasutca.
644 570 748 639 crs.
805 516 808 523 ¹
864 569 916 660 15

171 720 189 801 1
208 724 275 824 qui
289 716 512 825 intelligendi
530 723 683 826 cupidus
703 723 772 818 est,
789 749 921 825 quem·
1042 754 1048 764 ·

171 821 319 901 nodum
359 824 515 902 brevitas
548 827 588 903 &
614 823 846 925 perspicuitas
879 830 941 906 in'·

171 922 342 1013 rolastice‚
366 921 394 998 fi
414 922 511 1000 reste
531 922 574 1000 fit
588 922 802 1017 constituta,
838 951 918 1006 non
977 936 984 961 '

171 1049 235 1102 um
274 1024 476 1125 jungantur
513 1022 705 1125 pulchre,
742 1025 918 1118 &·scite‚
950 1090 957 1111 ,
1076 1090 1091 1131 .·

171 1148 244 1201 um
259 1125 371 1200 etiam
392 1122 498 1200 altera
518 1122 662 1200 alterius
672 1122 715 1201 sit
731 1124 851 1217 causa,
875 1130 915 1206 in

172 1226 339 1300 moriam
354 1243 508 1298 revocet
519 1243 685 1300 naturam
701 1221 918 1304 scholasticae

171 1324 300 1401 aitaris
316 1317 480 1421 superius
496 1322 724 1424 explicatam,
762 1350 918 1426 eamque

172 1423 313 1500 oratius
322 1419 916 1525 dispiciat3deindepraejudicatam

171 1524 335 1599 inionem
380 1517 427 1597 de
466 1519 681 1601 obscuritate
724 1524 915 1602 modernae

172 1618 358 1711 tolastioes,
382 1641 512 1721 utpote
533 1621 566 1696 ei
585 1620 758 1722 perverso
795 1621 916 1700 studio

172 1743 229 1811 ta,
253 1743 331 1795 non
347 1745 436 1796 cum
455 1745 496 1796 ea
517 1739 615 1810 nata,
661 1718 823 1821 deponar
855 1746 918 1798 ne-

172 1816 258 1897 sum
271 1815 337 1894 est:
360 1844 445 1919 quae
458 1819 523 1918 qui
542 1815 685 1911 fecerit,
709 1843 803 1906 tem,
830 1844 917 1921 quae

172 1914 337 1999 sedibilis
364 1941 467 1998 antea
489 1916 564 1996 visa
585 1914 657 2009 est,
703 1920 844 1999 veritati
868 1923 916 2000 ita

172 2014 393 2098 osenraneam
418 2014 688 2193 dfleprehender,
716 2020 775 2096 cui
803 2045 917 2098 nemo

172 2122 358 2197 tre-mentis
381 2115 432 2195 ob
486 2134 544 2197 at·
581 2117 770 2195 Nimirum
783 2119 917 2199 usuve,

182 2268 195 2311 ,
219 2238 279 2308 ut,
304 2218 402 2296 fires
419 2217 623 2296 verborum
634 2218 862 2323 ambagibus,
877 2222 917 2301 bc

172 2316 315 2399 olucris
334 2317 447 2397 veluti
458 2317 708 2412 obnubamus,
725 2343 801 2396 nox
817 2344 919 2419 qure-

172 2441 221 2509 n,
235 2419 285 2502 ,ἃ
307 2416 503 2496 obscuritas
532 2416 640 2496 rebus
676 2416 916 2497 offundatur:

172 2543 217 2596 us
232 2515 300 2610 fit,
324 2517 352 2595 st
377 2515 422 2595 ad
443 2520 574 2595 vivum
603 2520 727 2597 omnia
757 2516 917 2597 resecan-

172 2643 199 2693 .·:
223 2619 263 2696 ἃ
275 2618 323 2697 ira
335 2619 453 2696 oeoin
467 2640 615 2720 pugno,
640 2639 701 2694 aut
716 2617 857 2717 punsio
873 2617 917 2695 fi.-

174 2738 264 2812 ntur
281 2720 464 2804 veritates,
485 2737 527 2792 ut
547 2740 624 2792 uno
649 2715 781 2791 obtutu
802 2716 919 2797 oculis

173 2818 253 2894 artis
269 2814 440 2918 exposrtae
456 2834 613 2916 pateant.
646 2813 742 2892 Haec
754 2815 819 2912 qui
835 2838 919 2917 per·

173 2912 288 2993 oderit
304 2941 390 2994 eum
410 2913 512 2992 facile
534 2911 783 2990 concessurum
811 2935 918 3014 puto,

173 3037 247 3095 atra
273 3040 384 3113 quam
409 3014 543 3115 vulgus
569 3012 764 3090 hominum
801 3010 921 3090 existi·
1059 3019 1062 3024 “
1134 2981 1137 2990 ’

173 3133 214 3207 a,
236 3115 619 3193 brevitatemmatrem
635 3111 817 3193 interdum
837 3139 920 3214 pet-

173 3216 314 3294 cuitatis
338 3210 431 3304 esse,
463 3216 502 3292 ἃ
526 3236 566 3290 re
587 3211 662 3315 ipsa
678 3216 715 3289 in
735 3213 920 3389 theolo‘pia

173 3311 341 3403 plastica,
360 3312 387 3389 fi
403 3339 423 3393 a
441 3311 543 3389 resto
563 3315 705 3390 tramite
719 3312 853 3392 nonde
881 3339 920 3389 e·

174 3436 210 3505 t,
235 3411 398 3492 existere.
436 3410 507 3491 Sed
526 3410 762 3489 obscurarunt
780 3410 919 3511 perspi·

173 3536 289 3596 tatem
311 3512 434 3591 brevis
452 3512 656 3602 sermonis,
704 3507 919 3589 obscuritate

173 3616 302 3695 rtiiium
311 3644 316 3651 ·
326 3609 588 3709 quaestionum,
604 3608 836 3711 perplexitate
849 3632 919 3689 vo·

173 3743 198 3798 n
215 3712 496 3809 redariorum,
519 3712 560 3795 &
577 3713 834 3889 notioaurxr'uH
859 3767 877 3786 .-
