2742 4575
414 500 416 505 ⁵
504 540 916 631 nantuato.

231 746 328 811 rum
353 722 395 810 in
415 721 729 813 institutionibus
751 720 990 836 theologicis
1013 719 1110 809 usus
1129 718 1220 808 ests

233 835 331 947 Qu
352 837 395 925 in
410 838 574 923 materia
593 834 765 923 studiose
779 862 827 923 ea
850 834 992 949 selegi,
1015 852 1109 1031 Rue
1124 832 1205 928 his,

234 944 386 1059 quibus
416 944 542 1041 labor.
561 948 633 1035 iste
655 949 790 1035 nollet
818 946 1016 1031 dicatuse
1059 1000 1074 1041 ,
1102 944 1206 1028 tiro-

234 1054 358 1143 nibus.
390 1056 556 1174 inquam
599 1061 737 1173 potius
779 1056 868 1143 usui
908 1051 986 1141 eise
1019 1051 1207 1168 possunt,

233 1192 358 1282 quam
386 1170 607 1284 magistris,
635 1194 761 1283 penes
784 1195 890 1282 quos
920 1165 1131 1279 dirigenda
1159 1191 1207 1252 ac

128 1336 130 1345 ·
233 1278 480 1367 moderanda
494 1280 585 1368 sunt
598 1281 784 1367 exercitia
798 1276 1035 1366 scholastica.
1091 1278 1209 1389 Qu-

233 1416 281 1477 re
304 1394 441 1502 paucis
463 1391 515 1479 de
532 1389 827 1506 praenuntius
850 1388 1091 1505 praelibatis,
1114 1413 1208 1477 tum

234 1500 420 1591 indicatis
449 1502 610 1602 solum,
640 1527 686 1591 ac
709 1500 835 1593 veluti
873 1503 1008 1616 digito
1043 1502 1208 1588 ostenfis

173 1625 203 1651 ·“
234 1613 322 1700 aliis
335 1613 580 1730 quibusdam
593 1617 805 1714 exercitiis,
816 1640 908 1730 quae
922 1616 1126 1700 instituere
1141 1611 1209 1713 vel

193 1748 196 1757 ’
217 1727 424 1825 omittere,
440 1727 622 1814 docentis
643 1729 702 1814 est
723 1735 768 1823 &
781 1728 979 1840 magistri,
1011 1727 1139 1813 statim
1154 1724 1208 1813 ad

181 1914 188 1929 Ι
233 1834 339 1923 illud
360 1841 558 1955 proeelfi,
587 1839 703 1954 quod
738 1837 1024 1924 ediscentibus
1056 1835 1210 1950 potiffi-

235 1975 354 2038 mum
368 1949 606 2038 absolvitur:
635 1949 918 2063 dtsputasionem
935 1944 1140 2061 intelligo,
1155 1947 1210 2034 tle

269 2086 320 2147 ua
343 2058 496 2177 majore
510 2062 702 2149 sermonis
729 2082 842 2174 parte
858 2087 978 2174 agere
993 2058 1208 2173 proposui.

271 2196 340 2282 ¹on
362 2170 477 2286 quod
499 2196 749 2286 magnopere
768 2170 964 2284 probem,
986 2193 1056 2257 aut
1069 2169 1209 2284 aliquo

236 2276 333 2368 loco
357 2281 527 2369 habeam
550 2286 669 2369 usum
693 2282 871 2370 illumin
894 2281 1037 2369 scholis
1061 2307 1211 2397 perpe-

239 2417 314 2479 tuo
343 2395 630 2492 conilislandi,
655 2393 956 2509 velitandique3
995 2395 1063 2481 sed
1092 2394 1212 2510 quod

151 2529 157 2538 ·
219 2504 322 2593 hoc
335 2511 592 2602 exercitium,
611 2505 747 2621 quoad
762 2506 829 2593 sua
847 2509 1043 2622 principia
1061 2510 1104 2593 in
1118 2536 1212 2595 om-

239 2642 336 2706 nem
374 2618 621 2734 theologiam
651 2616 761 2705 haud
792 2619 927 2704 minus
957 2645 1080 2734 quam
1114 2620 1213 2705 reli-

271 2755 344 2815 uos
365 2730 542 2818 scientias
562 2729 642 2817 sese
655 2727 877 2819 diffundat:
906 2753 996 2823 tum
1008 2733 1128 2817 etiam
1146 2760 1212 2819 re-

239 2754 331 2927 gius
359 2840 468 2929 illius
496 2841 619 2941 usus,
654 2852 700 2938 &
721 2841 953 2930 moderatus
972 2843 1021 2928 in
1044 2842 1213 2958 reliquis

240 2954 459 3051 exercitiis,
482 2952 827 3066 praeles‘tionibus,
850 2952 1029 3067 collegiis
1045 2962 1124 3049 &e
1149 2955 1214 3041 lo·

239 3085 337 3148 curn
361 3064 432 3152 libi
453 3063 650 3150 vendicet.
705 3065 828 3153 Certe
848 3064 1042 3152 elucescet
1055 3092 1107 3151 ex
1121 3094 1214 3153 ora-

241 3174 363 3259 tionis
392 3177 726 3272 continuatione,
754 3204 821 3262 me
853 3175 905 3261 de
933 3174 1220 3287 disputationi-

163 3346 169 3360 .
239 3282 321 3369 bus
342 3311 550 3401 agentem,
573 3281 673 3373 nihil
694 3288 830 3374 minus
852 3311 974 3401 quam
997 3286 1051 3371 de
1071 3286 1214 3404 dispu-

219 3394 366 3481 tando
393 3398 554 3511 pracise
655 3423 721 3485 re:
750 3400 835 3485 imo
852 3397 895 3483 id
916 3424 1059 3512 agere,
1081 3424 1215 3488 utte-

237 3505 349 3596 'szlam
373 3512 571 3598 rationem
602 3512 780 3595 inomni
809 3507 1039 3623 theologica
1069 3513 1215 3601 trasla-

228 3619 352 3715 time
373 3621 564 3724 statuum,
578 3618 806 3739 perversam
821 3620 1030 3713 damnent:
1060 3621 1218 3738 disqui-

222 3808 231 3828 .
358 3819 361 3826 ,
572 3776 575 3780 ·
1069 3758 1158 3830 ram
