2742 4575
400 560 910 685 amnemamnem.
981 603 1035 698 91

229 757 416 840 diuturno
437 781 513 836 tem
566 785 609 838 te
628 759 851 864 theologiam
863 758 1039 855 detinuit,
1051 754 1205 834 in'schola·

195 873 197 876 ‘
234 883 368 958 totque
387 861 438 936 So
466 859 504 935 hi
535 886 571 937 as
584 862 861 963 progeneravit,
875 849 1147 959 atqueeestfcl‘a
1164 865 1195 916 ³²

218 957 400 1062 'jusmodi
423 883 641 1063 tleologos,
661 962 727 1060 qui
747 962 785 1036 in
807 960 1040 1060 problemati·
1052 947 1186 1078 ¹¹⁰¹lt³f¹

237 1085 318 1139 cam
343 1056 526 1158 quandam
553 1080 667 1137 artem
702 1058 925 1161 theologiam
951 1084 1039 1161 pro-
1052 1034 1202 1166 ffi'ffi]

238 1158 432 1237 cuderunt.
481 1157 721 1259 Inmystetiis
738 1160 776 1238 bt
793 1161 969 1261 capitibus
983 1165 1040 1236 r'e·
1052 1179 1114 1247 lina

237 1260 386 1361 ligionis
403 1255 528 1335 ludere
553 1256 601 1335 stc
624 1283 707 1334 non
726 1257 847 1353 licuit·
872 1257 1039 1359 separatis

238 1362 377 1460 igitur,
394 1378 437 1433 ut
454 1358 573 1456 paulo
586 1379 668 1435 ante
689 1361 858 1445 memini,
885 1356 1041 1460 dogma-

241 1458 340 1536 tibus
351 1454 436 1557 ipfis
451 1459 607 1535 maxime
619 1455 862 1534 controvetlis
875 1457 1041 1535 cumhae·

229 1558 389 1646 mritis,
402 1595 404 1599 ·
418 1577 526 1655 atque
556 1556 747 1658 polemicae
777 1556 932 1636 relatis:
958 1557 1042 1635 reli·
1067 1597 1085 1636 κ

237 1659 324 1756 quis
340 1652 589 1830 scripturilloe,
609 1653 802 1732 canonistae
819 1658 887 1734 &e
907 1673 1050 1757 appro·‘

235 1756 375 1856 piatis,
412 1753 733 1832 cholallice-libere
757 1753 829 1832 suis
854 1778 1044 1832 commen·
1108 1840 1110 1846 ,

239 1857 301 1943 tis,
315 1857 354 1934 ἃ
368 1851 692 1956 disceptationibus
700 1851 888 1955 indulgete
901 1855 1042 1958 potuit:

239 1951 334 2031 dum
362 1952 452 2030 nihil
474 1951 612 2029 'residui
638 1953 872 2056 permanebat
906 1974 1044 2056 praeter

289 2045 298 2077 '
374 2085 405 2128 a*
419 2051 640 2151 quaedam-bt
661 2075 840 2131 ramenta:
863 2050 943 2129 haec
992 2052 1045 2131 hi-

239 2083 438 2255 mins
463 2152 702 2252 conceptibus
732 2151 815 2230 sunt
844 2155 946 2260 incru
977 2174 1044 2245 ata,

239 2274 351 2353 atque
372 2251 419 2330 de
442 2248 624 2353 ejusmodi
642 2253 722 2330 lana
746 2254 890 2357 caprina
914 2277 1044 2357 perpe·

239 2355 313 2431 tuis
337 2351 656 2440 contentionibus,
684 2350 1044 2451 diffenlllonibusque
1077 2397 1081 2412 ›

234 2451 314 2531 ¹fuit
344 2452 478 2531 atium.
516 2453 665 2528 ‘Unum
690 2450 930 2529 commodum
956 2451 1044 2529 hinc

240 2574 390 2630 enatum
399 2546 492 2627 'illud
510 2548 578 2642 est,
599 2548 708 2649 quod
727 2548 885 2652 idipsum
908 2554 947 2627 in
963 2575 1045 2627 eatt-

241 2647 279 2729 sa
295 2647 382 2728 ellet
427 2675 475 2727 ne
494 2645 769 2752 ulliscapitibus
789 2649 853 2724 reli
881 2650 974 2725 ionis
991 2650 1045 2724 in-
1076 2727 1079 2739 :
1201 2715 1203 2722 .

240 2770 300 2829 tet
320 2748 358 2827 se
380 2700 606 2840 liffiderent,
624 2772 710 2825 eum
726 2747 773 2824 de
789 2672 895 2822 nullas
916 2748 1045 2848 capita-

208 2884 212 2890 ·
239 2849 338 2927 libus
358 2848 467 2926 rebus
490 2846 765 2928 contenderent.
821 2845 937 2923 Aliter
957 2846 1045 2923 anti-

241 2951 327 3049 quis
344 2950 516 3051 eontigit,
538 2945 691 3047 quando
711 2945 881 3024 homines
904 2942 1047 3025 malesa-

242 3044 780 3152 niphilosophiamehristianae
795 3043 972 3123 dolirinae
981 3046 1047 3124 mi-
1179 3108 1182 3112 ,

239 3145 433 3239 seuerum,
447 3146 690 3250 plerumque-
702 3148 802 3223 enim
820 3148 860 3223 in
877 3142 1049 3247 adiapho-
1145 3197 1147 3201 »

170 3301 172 3306 s
242 3248 296 3325 tis
310 3246 581 3348 opinationibus
595 3269 672 3325 non
731 3243 877 3323 rmanstt
891 3271 970 3336 res,
984 3240 1048 3324 sed
1186 3278 1190 3291 ·

234 3344 293 3425 ad
322 3345 509 3423 hereticas
534 3343 651 3445 usque
687 3346 863 3422 ententias
884 3370 1051 3447 perven-

245 3466 340 3527 tum.
394 3444 492 3523 Noti
514 3434 623 3536 sunt,
647 3447 713 3544 qui
736 3466 783 3521 ex
801 3442 1051 3523 Parnaeo-

180 3556 183 3560 ’
245 3545 649 3643 tta-‚Pmomsque
664 3540 787 3621 schola
807 3543 1074 3622 emanationes·

178 3641 207 3691 -“
245 3643 389 3738 divinas
403 3695 416 3737 ,
428 3666 640 3747 eorumque
658 3643 822 3747 Syzigias
840 3642 909 3733 a&
923 3640 1051 3717 Plero-

248 3768 347 3830 mata
367 3748 408 3827 in
427 3740 655 3833 ehnfflamm
673 3744 891 3848 religionem
910 3741 1052 3840 impot-

624 3885 626 3890 ·
673 3901 693 3925 ,κ
757 3954 766 3970 ρ
827 3857 1007 3929 ,Μῦῑι
1073 3859 1189 4049 ‘J'
