2742 4575
386 536 445 648 ⁶4
501 528 1098 623 otttttottatxstctt.·

211 716 258 793 De
277 717 377 784 amba.
434 701 552 780 XVI.
601 698 784 777 Usuvenit
804 698 927 777 multis
952 692 1192 803 dispotatoria

211 803 295 901 sibus
311 804 354 864 ni.
387 802 479 891 bus,
505 822 582 900 quo
601 796 767 890 diutius,
798 820 875 875 utto
892 799 1005 877 veluti
1040 799 1191 902 spiritu,

208 903 278 1028 ⁸le
293 883 374 946 s⁰¹¹⁰·
412 923 551 977 ramere
570 897 835 988 adversarium,
852 896 1088 999 inseaaique
1104 902 1192 1002 pos·

226 926 661 1111 ssaess{i¹¹n¹}¹ls)1nt,medium‚
679 1021 721 1075 ut
741 1018 891 1088 vocant,
909 1001 1191 1100 eligunt,quam

207 1130 335 1208 disputa.
386 1099 591 1202 longiffime
607 1097 1028 1200 accitum,nihilpletum
1055 1124 1102 1177 ue
1117 1106 1191 1178 mi-

199 1213 331 1283 sianum.
385 1226 481 1292 nus,
514 1220 625 1298 quam
650 1196 898 1300 theologicum
924 1124 1191 1300 quidlpiranm

387 1302 447 1377 cui
471 1296 670 1376 subtilitatis
702 1299 880 1399 multum,
910 1296 1098 1376 soliditatis
1123 1326 1191 1403 pa-

254 1402 256 1407 ’
386 1424 471 1476 rum
488 1395 684 1494 adbaereat3
705 1396 814 1499 poffit
832 1418 954 1477 tamen
965 1398 1130 1499 protrahi
1142 1398 1190 1478 ad

387 1497 529 1584 libitum
538 1547 552 1589 ‚
567 1500 605 1589 ἃ
622 1500 659 1572 in
681 1518 811 1575 omnes
826 1518 946 1595 partes
959 1495 1068 1585 trahi,
1082 1499 1190 1599 quod

387 1601 434 1688 ei,
443 1600 502 1682 cui
518 1597 744 1699 opponitur,
762 1597 1009 1696 caussinum
1027 1622 1189 1699 pomum

386 1695 458 1791 lit,
484 1719 664 1800 perpetuo
694 1694 749 1774 ad·
766 1719 810 1777 os
839 1718 1006 1797 vergens.
1062 1699 1191 1780 Habet

387 1795 461 1874 hoc
479 1798 616 1874 malum
647 1796 781 1898 braeter
800 1798 976 1898 temporis
1001 1796 1189 1898 iablumm,

413 1896 490 1972 uod
516 1896 614 1972 hisce
650 1895 779 1974 talibus
812 1894 885 1972 stne
920 1894 997 1971 ullo
1021 1921 1187 1996 unquam

384 1921 509 2072 putatu
531 1994 780 2085 consumitur,
804 1994 893 2073 illud
922 1998 1123 2077 maximum
1148 2002 1187 2081 δι

319 2099 322 2105 ’
383 2094 720 2194 pemiciostffimum
748 2094 942 2186 damnum,
970 2098 1043 2196 jam
1056 2097 1187 2178 olima

387 2193 643 2270 Gabaonto
670 2193 914 2290 Nolanam)
935 2197 1123 2298 agnitum,
1146 2218 1187 2276 att

382 2293 619 2399 propemodum
641 2297 762 2400 exigua
782 2294 931 2397 quadam
941 2296 1113 2397 particula
1129 2304 1186 2376 oi·

387 2392 506 2471 dentur
521 2383 576 2504 effe
595 2419 751 2571 mafnum
757 2394 843 2499 fidei
861 2393 972 2501 uostrae
988 2395 1185 2498 mysterium.

386 2495 533 2595 Qtodfi
553 2495 610 2571 ille
660 2522 680 2571 e
697 2520 809 2573 aureo
827 2493 894 2572 suo
916 2516 1086 2597 tempore
1104 2497 1187 2575 haec

386 2594 566 2694 arguendo
593 2596 823 2685 existimavit,
848 2619 926 2693 quo
950 2594 1187 2697 limpidiffimi

385 2695 523 2771 fluxere
555 2695 753 2797 theologici
780 2695 895 2771 fontis
921 2696 1017 2785 tivi,
1049 2696 1186 2794 quidfi

385 2791 591 2891 sequiorem
609 2822 627 2871 a
647 2820 725 2871 non
797 2796 872 2870 ucis
895 2792 1031 2871 saeculis
1048 2796 1186 2897 attigis-

384 2890 439 2969 set
461 2894 630 2971 aetatem?
670 2897 709 2971 Si
733 2819 924 2994 affimndo
951 2900 1190 2973 concertatio-

384 2992 491 3069 nibus
509 2992 740 3082 scholasticis,
761 3016 847 3093 quae
859 3016 956 3068 nunc
971 2996 1007 3069 vi
1035 3014 1111 3084 ent,
1125 2994 1188 3072 ad·

385 3090 531 3170 fuisset?
570 3097 701 3170 Multae
728 3091 807 3169 solo
829 3095 980 3169 nomine
1002 3016 1188 3197 tlteologi-

386 3217 440 3286 cae
457 3190 558 3268 sunt:
580 3196 643 3270 ubi
666 3214 801 3293 praeter
822 3214 923 3269 acuta
938 3192 1079 3291 aliqua,
1109 3216 1189 3271 tor-

359 3342 361 3347 ·
384 3292 507 3379 tuosa,
520 3297 557 3371 bt
579 3295 741 3370 involuta
753 3291 917 3382 ,aliunde
937 3293 1186 3394 tnagis‚quam

383 3413 431 3467 ex
451 3389 614 3471 fontibus
635 3385 739 3470 sacris
763 3391 887 3468 theolo
916 3394 959 3467 'ae
975 3389 1116 3482 hausta,
1143 3416 1188 3471 ac

382 3493 534 3592 repetita
572 3496 610 3568 in
642 3492 807 3578 medium
840 3517 859 3567 a
888 3511 1040 3567 eruatur
1075 3515 1188 3595 argu-

383 3612 517 3671 menta.
574 3596 611 3673 S.
628 3592 919 3673 Gasoostus
941 3590 1190 3709 Nazianaenus

380 3806 431 3892 (a)
445 3811 528 3879 otas
546 3832 593 3901 ς).
