2742 4575
245 578 247 583 -
371 531 471 622 ¹rzss
506 535 569 606 ut
594 536 819 605 rrnrors
844 496 1076 605 sxtacrr.
1114 546 1117 555 ·

209 697 355 799 rucenni-
386 697 529 775 summe
553 694 710 772 arduum
731 695 897 795 vergitur
916 694 1103 795 religionis
1123 718 1190 768 ne-

210 804 262 849 cn.
385 800 542 900 gotium,
557 821 641 894 quae
656 794 845 892 hucusque
856 791 943 868 lunt
956 791 1193 893 expositoria-

332 932 336 959 κ
386 897 530 974 darant.
577 894 676 972 Talis
695 918 786 969 vero
806 912 891 973 curn
910 891 951 968 stt
963 890 1191 970 demonstra-

387 999 535 1073 tionum
556 1016 700 1082 natura,
725 1015 767 1070 ut
784 1016 830 1079 ex
859 993 1023 1070 certis&
1044 991 1191 1068 indubi-

387 1098 470 1173 tatis
495 1096 680 1196 principiis
702 1091 768 1169 alia
795 1091 1028 1192 colligamus,
1055 1094 1191 1191 princi·

389 1197 449 1296 pia
464 1215 586 1271 autem
607 1218 685 1269 nort
702 1190 829 1268 eadem
844 1190 911 1265 lint
929 1192 1003 1269 aliis
1021 1194 1059 1266 in
1076 1192 1192 1266 scien-

389 1296 449 1371 tiis
466 1318 576 1391 quam
602 1290 723 1369 nostra
744 1292 782 1365 in
805 1289 1006 1391 theologia,
1028 1316 1119 1388 quae
1145 1316 1191 1367 ex

386 1393 554 1469 revelatis
574 1417 594 1468 r
611 1390 735 1469 Duo
756 1389 964 1466 veritatibus
991 1388 1069 1467 suas
1097 1390 1192 1467 elicit

388 1489 834 1593 cognitiones'fqualiter
851 1510 971 1565 tamen
1001 1513 1048 1564 ex
1078 1491 1196 1569 inlitis

350 1664 352 1677 ,
392 1590 465 1667 suis
486 1591 671 1690 principiis
700 1592 768 1665 rite
789 1587 1072 1665 demonstrando
1102 1614 1192 1690 pro-

388 1689 494 1766 cedat
513 1689 728 1766 docuimus:
755 1691 960 1789 patuitque,
978 1701 1090 1786 quam
1108 1712 1192 1787 per-

391 1786 495 1865 verse
512 1789 559 1864 illi
574 1795 704 1890 agant,
723 1789 838 1888 quiin
857 1786 1073 1889 theologicis
1086 1787 1191 1867 theo·

388 1889 508 1991 logica
529 1890 709 1988 principit
737 1911 816 1962 non
837 1886 1027 1974 adhibent,
1057 1913 1190 1965 nectet

392 1987 575 2070 familiaria
598 1986 660 2063 sibi
685 1984 836 2062 reddere
851 1986 1014 2073 laborant
1036 1987 1088 2063 illi
1112 1991 1125 2064 i
1153 1985 1190 2075 st,

420 2091 458 2163 ui
488 2089 663 2185 majorem
677 2138 680 2148 ·
693 2089 735 2161 'in
752 2107 891 2184 partem
919 2088 1090 2188 egregios
1117 2015 1191 2164 iile

390 2113 597 2262 iraeaicos
629 2182 782 2282 justam,
819 2211 886 2260 noc
905 2194 1037 2262 'tamen
1061 2184 1212 2263 adver·x

390 2307 494 2374 tunt,
516 2282 705 2361 dialeliicis
725 2283 859 2385 regulis
884 2282 956 2367 sese
977 2310 1088 2384 quarn
1113 2313 1191 2363 rna·

391 2390 490 2461 xime
510 2386 646 2473 obniti,
672 2409 756 2481 quae
775 2406 918 2460 cavent:
949 2411 993 2460 ne
1014 2383 1054 2461 tle
1072 2411 1189 2490 genere

388 2487 429 2578 in
446 2483 542 2561 aliud
558 2482 774 2584 disputando
793 2484 1042 2584 prolabamur,
1069 2512 1188 2587 neque

390 2610 438 2663 ex
457 2585 577 2683 alienis
598 2584 782 2684 principiis
808 2600 1010 2685 arguamus
1052 2587 1054 2592 ’
1112 2629 1120 2638 ·

213 2803 370 2870 reconar.
443 2781 496 2861 ΙΙ.
520 2782 746 2880 Neuthuam
767 2803 858 2859 vero
876 2782 942 2859 hac
965 2785 1107 2863 ratione
1136 2785 1189 2860 di-

212 2892 303 2986 mario
319 2908 357 2986 er
393 2882 559 2983 [putandi
577 2903 689 2981 opera
706 2886 863 2983 peritura
884 2882 953 2973 est,
978 2884 1082 2982 quod
1103 2910 1188 2960 cum

211 2972 359 3068 seripturis
392 2982 662 3059 austeritatibus
678 2979 728 3059 lic
742 2984 866 3057 onmia
880 2982 1134 3085 transigantur,
1149 2983 1189 3065 fi-

212 3054 308 3118 {acne
391 3079 469 3158 lum
494 3081 580 3157 illud
599 3107 639 3156 ac
655 3104 777 3159 carena
797 3079 1117 3173 consecutionum,
1145 3108 1190 3159 ex

392 3182 525 3281 quibus
545 3185 873 3281 argumentationes
901 3204 1189 3283 componuntur,

393 3282 534 3356 nullum
554 3280 804 3361 futurumst..
838 3283 918 3382 Qri
944 3280 1187 3382 prescriptam

391 3384 430 3456 in
447 3379 691 3480 superioribus
704 3380 951 3481 perpenderit,
969 3379 1111 3481 usuque
1129 3406 1190 3458 ex·

391 3481 527 3557 ercebit
550 3477 778 3568 methodum,
787 3483 1037 3579 experimento
1061 3477 1184 3569 discet,

226 3599 228 3606 ·
338 3619 344 3630 ,
391 3578 494 3681 polle
513 3582 620 3657 etiam
646 3604 694 3655 ex
709 3581 895 3681 principiis
923 3606 1023 3655 mere
1038 3580 1187 3658 'theolo-

390 3682 481 3780 gicis
514 3678 713 3758 secundum
745 3704 874 3759 omnes
893 3679 1004 3782 ¹locos
1023 3680 1190 3859 appelialess
1243 3735 1251 3768 .

1078 3806 1142 3861 rcrs
