2742 4575
369 562 452 681 88,
488 571 550 647 nt
576 544 798 697 narrans
823 534 1052 648 r‘xrncrr.
1132 614 1136 621 -

192 729 322 833 Qualis,
414 736 515 815 XII.
545 737 645 815 Huic
664 737 760 815 malo
779 757 866 814 tunc
883 734 1087 837 obsistimus
1103 782 1119 822 .‚
1141 732 1169 811 st·

194 835 340 914 ¹³¹¹F¹⁰¹P¹²
365 835 461 912 nulla
482 837 544 914 alia
562 840 736 938 principia
753 858 888 913 naturae
905 838 943 915 δι
959 837 1111 913 rationis
1129 837 1168 908 in

158 974 161 981 ·
193 918 344 1044 ffitfflfii·
368 934 530 1042 medinm
548 936 737 1013 afferamus
744 935 809 1025 ,ad
823 935 1071 1037 probandum,
1095 958 1169 1010 nos

194 1060 293 1126 benda
308 1065 340 1125 in
369 1034 466 1111 redie
475 1034 598 1112 medio
607 1038 763 1112 termino
778 1058 824 1111 ex
837 1033 1007 1136 scriptura
1020 1033 1171 1110 desum-

193 1164 347 1223 argumen.
370 1154 411 1210 to
432 1133 516 1212 usos
535 1132 632 1225 effe,
655 1159 766 1233 quam
787 1158 871 1232 quae
898 1159 917 1210 a
941 1134 1042 1211 nulio
1073 1131 1170 1208 sanae

194 1227 297 1301 tando·
369 1236 502 1310 mentis
519 1235 558 1309 in
577 1233 730 1310 dubium
750 1256 945 1322 vocentur,
968 1255 1028 1310 aut
1041 1233 1087 1308 ab
1105 1232 1171 1308 ad-

370 1333 530 1409 versario
543 1333 775 1410 admittantur
787 1323 1086 1409 srnehaesrtntione
1096 1355 1172 1431 pro

370 1430 629 1510 universalibus
654 1435 864 1522 axiomatis,
891 1431 1096 1534 regulisque
1120 1457 1167 1506 ae·

370 1551 484 1609 retnae
505 1533 674 1610 veritatis.
699 1531 885 1634 Principiis
902 1555 1020 1609 autem
1034 1531 1173 1629 proba-

369 1630 451 1708 bilis
472 1629 591 1707 solum
616 1633 799 1735 veritatis,
828 1656 911 1729 quae
929 1629 1173 1706 verisimilitu-

369 1727 457 1807 dine
474 1729 620 1831 poiinnt
635 1729 827 1830 decipere,
849 1733 886 1809 dt
912 1734 959 1807 ita
978 1729 1173 1827 sophistice

370 1830 611 1924 concludere3
631 1855 716 1928 quae
728 1832 815 1907 item
833 1831 876 1911 ab
894 1827 1097 1906 adversario
1122 1829 1175 1906 fn·

372 1928 440 2005 ¹cile
458 1932 609 2032 negari,
632 1928 799 2028 eludique
823 1929 961 2022 valent,
985 1950 1026 2005 ut
1048 1926 1096 2003 sic
1118 1927 1175 2003 di.-

371 2026 398 2104 s
415 2033 530 2105 uratio
553 2029 785 2105 transferatur
802 2026 969 2104 aiidrsum
993 2051 1181 2127 apropo-

299 2190 304 2199 .
389 2149 442 2202 rto
455 2126 568 2226 scopo
582 2128 808 2301 theologico,
824 2148 1000 2226 quantum
1015 2125 1179 2227 fieri-po-

321 2314 332 2334 ·
373 2223 441 2303 test
454 2275 464 2313 ,
477 2226 527 2301 est
544 2225 699 2302 abstinen
729 2251 814 2317 um,
835 2227 1038 2329 theologica
1052 2230 1177 2328 gravi-

374 2343 446 2402 tate
462 2323 713 2421 (nuditateque
731 2327 834 2423 plane
851 2327 1020 2428 indignis.
1062 2331 1178 2403 Secus

372 2426 1179 2525 conringitnoscircumferriomniventodn

375 2522 499 2599 urina
513 2523 534 2609 ,'
546 2550 585 2600 ac
606 2522 745 2601 divinas
767 2547 988 2622 aerernasque
1004 2526 1178 2602 veritates

373 2625 533 2723 partium
551 2624 693 2712 studiis,
707 2625 825 2713 sedis,
844 2624 1035 2700 haeresrbus
1053 2628 1178 2712 etiam,

373 2725 413 2800 ἃ
433 2723 638 2819 periculosis
655 2725 935 2806 aberrationibus
952 2724 1177 2826 prostituen-

374 2820 439 2899 das
456 2826 599 2923 exponi.
629 2822 798 2899 Profeiio
812 2827 876 2921 qui
892 2826 928 2900 in
951 2824 1059 2899 rebus
1069 2823 1177 2899 theo-

374 2920 503 3093 lupicis
530 2921 602 2997 five
623 2921 836 2997 ievitersrve
883 2926 1012 2999 raviter
1037 2945 1176 3010 errant,

374 3020 413 3095 in
442 3020 620 3120 edecepri
643 3021 748 3111 sunt,
774 2948 881 3120 quod
898 3043 959 3099 aut
983 3046 1059 3097 non
1082 3021 1177 3099 sanis

374 3122 524 3196 rationis
546 3122 747 3218 principiis,
769 3120 845 3197 five
862 3125 968 3198 etiam
986 3119 1077 3198 sanis
1097 3146 1176 3197 non

372 3218 457 3295 saue
468 3219 520 3293 us1
532 3218 616 3310 sint,
635 3218 797 3316 maleque
816 3220 1032 3322 applicarint.
1053 3218 1176 3324 Qrod

373 3317 600 3422 postremum
614 3320 651 3393 in
666 3318 732 3395 iliis
742 3325 896 3397 maxime
910 3318 1088 3420 mysteriis
1101 3315 1176 3395 fre-

372 3440 531 3513 quenter
544 3420 752 3519 contingit,
774 3444 858 3517 quae
881 3418 1001 3496 divina
1024 3416 1179 3519 pmrsus

372 3517 476 3606 sunt,
494 3519 715 3595 &rationem
731 3543 836 3615 aeque
851 3517 1049 3607 excedunt,
1062 3543 1177 3615 quam

373 3626 538 3696 naturam
554 3616 738 3713 nostram3
760 3616 971 3718 mysterium
991 3644 1021 3694 e.
1039 3642 1069 3694 c.
1086 3618 1177 3693 Tri-

373 3718 492 3798 nitatis
499 3766 512 3811 ‚
529 3716 786 3800 incarnationis
795 3720 862 3801 &n
876 3742 960 3822 quae
973 3714 1064 3829 velle
1074 3717 1176 3830 prin-

532 3844 555 3897 ,·
621 3871 626 3886 2
1016 3838 1124 3919 crpus
