2742 4575
268 516 270 523 ’
326 564 330 582 ·
387 493 444 667 99
535 541 538 549 ’
586 501 994 618 or'raaononra'
1130 484 1133 491 ¹

384 734 490 804 tent,
508 714 550 794 'dt
572 713 707 792 consilii
729 710 783 789 sui
801 714 950 815 gratiam
966 709 1099 787 merito
1113 709 1181 788 ini-

383 837 495 905 rent,
518 814 564 906 st,
585 816 649 913 qui
671 811 707 888 se
729 810 867 913 scopuli
894 810 961 887 sint
982 809 1182 910 objesiuri,

383 913 603 1016 proderent,
626 930 712 1012 qua}
730 909 853 1010 plana,
871 914 912 990 dr
936 912 1077 1012 optima
1099 912 1180 1002 via,

383 1039 469 1112 quae
489 1010 700 1090 diverticula
721 1011 802 1112 fugi
822 1010 996 1100 debeant,
1014 1009 1182 1088 ostende»

219 1168 244 1178 --
382 1133 474 1192 rent.
522 1113 589 1190 Uti
612 1131 704 1187 vero
730 1108 956 1188 scientiarum
982 1110 1078 1188 nulla
1109 1113 1182 1187 exi-

383 1211 461 1302 stit,
482 1237 565 1311 quae
587 1211 737 1288 utilitate
750 1231 885 1299 eareat,
908 1208 1089 1309 suumque
1106 1214 1182 1288 cui·

384 1315 443 1388 vis
466 1309 604 1388 constet
625 1312 811 1412 pretium,
832 1308 986 1411 dignitas
1008 1361 1019 1400 ,
1044 1311 1083 1390 dt
1104 1308 1181 1387 fru-

361 1410 490 1502 ¹slus,
512 1413 560 1488 ita
585 1407 734 1510 fingulae
761 1430 878 1510 pravo
901 1408 968 1486 usu
987 1411 1105 1488 vitiari
1118 1435 1182 1488 va-

384 1508 462 1586 lent
472 1560 486 1613 1,
504 1512 542 1589 dr
558 1506 683 1610 patum
704 1509 901 1585 vitianture
923 1529 966 1584 ut
995 1505 1182 1588 malevolis

204 1684 207 1691 .
246 1619 280 1703 ,Γ
383 1633 573 1708 nunquam
589 1603 705 1685 deesse
731 1627 862 1706 queat,
885 1606 988 1706 quod
1011 1628 1181 1708 carpant,

383 1707 538 1810 &apud
560 1708 615 1785 sui
642 1705 771 1783 fimiles
788 1705 986 1784 desidiosos
1006 1707 1180 1786 invidiam

383 1810 535 1908 optimis
551 1806 686 1885 artibus
704 1806 885 1895 conflent,
914 1831 1000 1883 cum
1021 1807 1181 1907 plerum-

413 1931 482 1994 ue,
494 1931 571 2004 quo
585 1905 636 1981 est
652 1904 924 2005 praestantior&
942 1905 1110 1984 sacratior
1125 1905 1181 1986 di·

238 2096 242 2105 Ι
384 1931 561 2102 dciplina,
589 2026 689 2082 tanto
720 2004 1180 2106 pemiciostoribuocorru·

384 2103 491 2206 prelis
505 2125 642 2206 pateat,
661 2106 699 2184 ἃ
712 2101 911 2184 infestetur.
1061 2158 1063 2162 -
1095 2148 1098 2156 .

206 2301 354 2373 Brevis&
403 2316 405 2319 ’
436 2301 490 2383 Π.
513 2297 607 2379 Non
624 2300 675 2379 est
688 2299 927 2396 mihisermo,
949 2298 997 2382 de
1013 2324 1181 2385 errorum

208 2407 350 2487 cpmpen.
386 2401 566 2492 foeditate,
586 2401 632 2478 de
644 2401 891 2480 doslrinarum
911 2407 948 2484 δι
961 2408 1182 2505 opinionum

211 2470 356 2618 cedda?
386 2501 583 2603 spurcitiis,
600 2504 733 2600 quibus
749 2502 1011 2579 malesanomm
1021 2509 1181 2607 'capitum

212 2617 356 2699 vitiorum
386 2603 612 2705 peruicacia,
639 2598 798 2700 perversi
823 2601 999 2680 homines·
1018 2605 1181 2685 inconta-

208 2716 354 2784 scholasti-
386 2706 564 2781 minatum
597 2701 790 2778 castissimae
825 2701 1023 2803 theologiae
1056 2727 1180 2782 torum

198 2819 270 2877 aas
379 2800 647 2881 'commaculare
684 2800 768 2878 sunt
794 2801 930 2893 annisi,
956 2806 995 2881 dr
1019 2804 1182 2903 quotidie

385 2904 498 2981 anniti
532 2904 738 2988 cemimus:
769 2926 789 2977 a
813 2902 944 3000 quibus
971 2928 1039 2979 ceu
1060 2906 1180 3005 impu-

385 2997 595 3078 dentiffimis
617 2999 730 3097 prolis
751 3000 879 3078 illibata
896 3004 935 3077 in
957 3000 1036 3079 smu
1056 3007 1180 3082 matris

183 3129 200 3157 ν
247 3176 252 3182 ,
383 3096 538 3177 ecclefiae
555 3147 568 3189 ,
596 3097 875 3176 &Cunisrr
906 3100 1027 3203 sponsi
1051 3102 1181 3181 intaeta

384 3194 628 3276 conservatur.
675 3196 733 3272 De
751 3198 817 3274 illis
835 3196 952 3275 solum
961 3200 1109 3281 maculis
1126 3202 1180 3279 lo-

383 3300 509 3397 quor,
534 3320 575 3371 ac
592 3294 717 3371 theolo
744 3297 789 3372 iae
808 3295 1005 3377 christianae
1024 3300 1181 3389 labibus,

385 3420 492 3495 quae,
511 3394 586 3498 ipsa
605 3398 642 3469 in
665 3392 702 3470 se
718 3421 738 3471 e
766 3398 973 3479 intemerata
994 3398 1180 3501 persisten-

339 3518 341 3521 ·
386 3513 442 3587 te,
467 3510 536 3572 nec
554 3518 744 3595 quoquam
766 3495 844 3595 ejus
865 3496 1182 3601 decori,dignita·

384 3597 485 3694 tique
502 3593 718 3684 decedente,
735 3596 848 3673 veluti
869 3596 1052 3691 habitum,
1066 3604 1106 3681 dt
1122 3622 1182 3678 or·

377 3715 512 3778 aarum
530 3694 649 3775 solum
673 3695 752 3798 ejus
774 3693 1071 3879 consperserunp,
1093 3724 1182 3779 eon·

428 3834 432 3844 ·
1046 3823 1136 3902 pur·
