2742 4575
403 550 516 679 193·
618 540 1022 631 o'urrtroronto·
1122 501 1141 541 ³

299 816 304 829 ¹
379 726 589 829 epitomis,
607 730 645 807 dr
669 725 896 831 compendiis
914 718 1200 832 mdis'qurdem

399 826 592 905 delineatio
612 826 659 906 de
668 826 815 931 lingulis
832 829 870 904 iu
888 828 1075 929 iuniorum
1096 850 1202 901 men-

400 927 673 1028 tibuspoulatim
684 926 920 1017 describatur,
935 951 1046 1026 quam
1053 922 1201 1002 studioli

400 1024 639 1129 postmodum
664 1025 729 1108 libi
758 1026 843 1127 ipsis
864 1024 978 1105 relidli
1004 1023 1202 1128 perficere,

400 1126 584 1224 expolire,
601 1147 873 1227 extremumque
888 1129 900 1202 i
927 1124 1030 1204 fimet
1047 1148 1202 1203 rnnnum

401 1221 533 1307 addere
544 1225 697 1327 pollint3
713 1250 867 1326 ermque
885 1152 1071 1329 (ponium,
1089 1246 1203 1324 quom

400 1326 559 1403 maxime
571 1322 909 1413 adamaverint,seu
928 1328 1074 1427 potius,
1089 1346 1201 1423 quam

402 1420 516 1501 officii
545 1424 731 1529 impofiti,
773 1446 835 1505 out
859 1423 954 1503 sacra
983 1421 1206 1513 obedientiae

402 1519 1203 1626 lex-decreueritfflroutvuluerinopulcherri·

402 1623 478 1701 mir
513 1620 699 1703 coloribus
728 1623 885 1715 illinire,
922 1646 1133 1712 exornare,
1164 1622 1202 1701 δι

297 1804 300 1809 ,
402 1746 516 1823 quom
541 1718 681 1803 licuerit
713 1720 937 1811 venustum,
977 1720 1205 1825 politumque

403 1819 597 1899 redhibere
612 1821 783 1926 satagunt.
805 1819 981 1913 Ut,fiitu
994 1818 1116 1899 visum
1124 1819 1204 1896 fue·

404 1922 478 2010 rit,
498 1922 537 2001 &
558 1919 671 1999 decor
693 1944 813 2000 tantus
830 1920 874 1997 lit
881 1970 894 2011 ,
916 1922 954 1996 in
967 1920 1157 2021 publicum
1169 1942 1208 1995 e·

402 2018 493 2096 riam
505 2018 656 2122 produt,
669 2021 714 2101 ’ἃ
730 2020 816 2100 orbi
824 2016 861 2098 se
873 2018 1102 2122 spedmdom
1110 2043 1206 2118 prae·

316 2120 325 2127 ’
402 2115 499 2198 beot.
534 2119 663 2219 Qum
682 2142 777 2199 vero
799 2116 912 2218 hujus
926 2120 982 2198 rei
995 2117 1207 2223 ampliffima

405 2215 489 2315 spes
512 2213 618 2308 ellet,
633 2216 660 2296 fi
677 2243 697 2296 a
712 2217 932 2318 juvenilibus
950 2220 1052 2297 annis
1078 2215 1123 2298 od
1140 2242 1206 2295 ve-

404 2315 1209 2417 rameruditionemnecellariorumfluorum-

405 2418 465 2494 vis
491 2412 732 2495 subfidiorum
760 2419 948 2520 principiis
979 2418 1134 2506 imbuti,
1162 2419 1208 2495 iis

404 2512 538 2614 deinde
559 2514 770 2596 confirmato
797 2539 900 2597 aetare
921 2517 1116 2620 perfeliis,
1140 2518 1209 2618 qui

403 2615 543 2718 ingenii
555 2617 695 2697 viribus
710 2615 914 2719 pollerent,
936 2615 1061 2715 siquo
1082 2619 1121 2694 in
1141 2639 1208 2720 ge-

404 2738 494 2792 nere
514 2714 603 2814 quid
624 2716 793 2810 utiliter,
825 2720 865 2796 dr
887 2714 997 2819 digne
1018 2714 1208 2795 lucubrare

460 2813 509 2891 lie
534 2815 790 2909 confiderent,
827 2815 916 2897 illud
934 2842 1015 2924 prae
1038 2815 1210 2897 manibus

424 2936 600 2995 umerent.

226 3009 293 3078 Alta
318 3012 352 3078 lu
457 3012 505 3094 tt.
599 3016 722 3091 oniam
746 3040 842 3093 uero
861 3014 1112 3119 theologicum
1134 3012 1209 3091 stu·

228 3094 308 3158 ¹¹³¹¹⁰
329 3116 392 3161 rem
406 3110 511 3209 dium
529 3139 555 3213 p
588 3138 689 3192 nure
702 3112 755 3191 est
774 3140 816 3192 oc
837 3113 1024 3194 summum
1037 3118 1132 3193 inter
1147 3140 1208 3193 ec-

228 3177 389 3327 &offir-
406 3211 613 3291 clestosticos
631 3214 755 3305 viros;
789 3217 912 3305 omnis
930 3239 1045 3317 opera
1069 3217 1208 3293 omnis-

228 3345 354 3426 primam
406 3338 480 3409 que
503 3311 687 3389 dilioentia
709 3310 760 3391 est
779 3312 1042 3413 impendenda,
1065 3334 1108 3391 ut
1128 3335 1209 3391 tota

228 3425 374 3524 theologi.
407 3411 470 3506 sua
493 3380 728 3514 amplitudine
753 3413 1020 3505 commodiori,
1038 3412 1211 3492 faciliori-

229 3529 295 3604 eam
316 3512 507 3609 miti-que,
531 3536 611 3610 quo
633 3512 712 3590 fieri
735 3510 878 3612 potest,
899 3512 1019 3591 modo
1038 3511 1212 3591 trudatur.

175 3693 177 3698 ,
228 3602 383 3663 lumem·
408 3612 595 3716 imprimis
616 3609 664 3688 ne
682 3614 731 3690 itu
751 3610 900 3716 praecise
918 3610 1213 3715 odelepsydram

309 3727 311 3734 .
405 3713 598 3842 exigetur,
630 3710 741 3793 idest
764 3709 972 3831 serupulose
999 3734 1161 3915 terrgrrrerto⁴
1172 3712 1215 3790 ei
