2742 4575
317 618 322 627 ·
399 554 457 659 86
514 532 579 639 nn
605 571 830 641 timone
855 546 1084 645 utitem

401 727 607 832 vagandum
639 750 739 809 extra
773 728 903 806 orbem
943 728 1129 821 scientiae,
1168 731 1206 807 iu

403 855 474 928 qua
489 827 700 920 versamur,
723 829 839 942 logica
860 852 927 905 nos
943 826 1083 908 edocet.
1115 830 1207 909 Pot—
1252 812 1257 865 ¹

405 953 451 1005 ro
463 954 548 1006 cum
567 927 694 1009 theolo
722 931 753 1005 ia
767 932 808 1007 lit
822 926 927 1028 supra
942 954 1073 1023 omnes
1091 928 1208 1007 scien-

404 1031 497 1119 tias,
518 1053 597 1105 enm
619 1027 744 1128 subjici
769 1030 956 1129 principiis
977 1027 1207 1129 philosophi-

404 1128 456 1204 cis
477 1153 553 1204 non
583 1130 749 1231 ineptum
775 1125 912 1216 modo2
938 1147 1068 1205 uerum
1095 1131 1207 1207 etium

404 1225 666 1326 iniquissimum
679 1225 750 1316 est,
769 1247 877 1325 atque
908 1225 1207 1328 indigniffimum

165 1397 169 1405 .
358 1420 360 1426 ι
404 1327 542 1430 Quare
566 1324 707 1403 summa
749 1324 948 1426 theologiae
983 1329 1114 1426 injuria
1147 1327 1209 1419 fit,

236 1427 240 1436 '
335 1424 356 1497 f
403 1425 568 1503 summus
592 1424 835 1530 philosophiae
858 1422 988 1504 abusus
1007 1429 1209 1506 committis

405 1547 486 1614 tut,
514 1523 663 1624 quando
681 1550 727 1601 ex
748 1524 840 1604 illius
852 1527 1037 1626 principiis
1051 1525 1098 1605 de
1120 1525 1209 1607 effn-

404 1628 451 1703 tis
462 1625 685 1727 theologicis
699 1624 875 1724 judicium
889 1623 1100 1716 instituitur,
1117 1630 1212 1703 mix-

371 1733 373 1736 ’
405 1745 559 1828 tumque
589 1724 678 1824 quid
707 1748 755 1803 ex
778 1722 1007 1828 philosophia
1027 1728 1066 1807 iit
1100 1724 1212 1805 theo·

403 1822 503 1931 logia
529 1823 697 1906 efficitur.

212 2015 391 2096 Quando&
454 2024 518 2101 Xi.
540 2021 680 2099 idcirco
691 1984 809 2120 probe
824 2016 1107 2121 dispiciendum,
1121 2046 1211 2101 cum

152 2182 161 2197 .,
218 2103 380 2250 {igusqffi
402 2124 581 2236 rationem
603 2120 945 2222 philosophiamque
965 2122 1002 2200 in
1020 2120 1148 2199 theolo
1163 2126 1212 2238 iu

224 2269 248 2329 t·
288 2289 335 2333 me
403 2218 641 2310 adhibemus,
676 2247 723 2297 ne
750 2220 872 2309 seem,
899 2245 1009 2318 quam
1037 2244 1133 2319 expe
1161 2244 1213 2315 tt,

135 2333 195 2399 Α*
227 2351 309 2413 dium
333 2310 390 2417 {ep
403 2318 503 2396 medii
532 2323 668 2399 termini
700 2320 784 2397 inde
810 2318 1047 2410 effumantut,
1073 2321 1137 2398 sed
1161 2348 1211 2402 ex

226 2436 339 2498 minum
403 2422 492 2497 locis
515 2419 752 2521 theologicis;
778 2418 889 2499 autsi
916 2420 1113 2517 aliquando
1134 2421 1211 2515 fiat,

225 2515 482 2597 suppedita.n0n
500 2519 650 2619 quidem
672 2517 710 2599 id
733 2519 798 2597 fiet
820 2544 866 2596 ex
886 2518 1211 2618 neceffitate2'qua·

226 2618 261 2664 ‘i
278 2616 376 2682 queae
404 2616 432 2695 st
462 2619 647 2722 theologia
671 2614 718 2695 e'x
772 2620 900 2719 roprio
928 2616 1006 2695 suo*
1024 2622 1217 2720 principio

403 2718 644 2796 confirmandi
665 2718 728 2801 sua
744 2646 916 2821 logmata
936 2716 1117 2815 sufficiens
1132 2744 1211 2795 non

405 2818 463 2911 s1t3
493 2816 555 2895 sed
580 2817 640 2895 vel
664 2817 770 2907 ideo,
791 2838 834 2896 ut
853 2839 1038 2919 appareat,
1055 2816 1210 2897 nonso-

403 2917 481 2994 lum
504 2917 629 2996 lumen
653 2920 801 3017 gratioe,
824 2919 1085 2997 verumetiam
1103 2939 1210 2996 natu·

403 3040 454 3091 rae
471 3017 596 3096 lumen
618 3041 696 3094 non
748 3015 872 3094 torsus
894 3014 940 3093 acl
959 3019 1128 3095 ueritates
1153 3016 1214 3093 di-

403 3119 506 3193 vinas
525 3042 774 3219 percipienclhs
795 3118 973 3194 caecutire.
1020 3116 1139 3222 Quod
1158 3137 1213 3195 ta·

404 3237 491 3291 men
508 3241 617 3316 parce·
634 3217 671 3291 ὃ(
701 3236 803 3293 caute
829 3213 1056 3307 faciendum,
1081 3213 1108 3291 st
1131 3215 1215 3291 for-

406 3335 444 3390 te
471 3312 554 3412 pust
587 3314 685 3391 allata
715 3337 928 3416 argumenta
952 3339 1000 3392 ex
1021 3317 1215 3416 principiis

172 3487 177 3510 ,
282 3449 284 3454 ’
406 3412 624 3516 theologicis
658 3410 821 3492 desumto
852 3416 933 3490 otio
963 3413 1215 3504 abundemus,

406 3512 599 3611 iubeatque
619 3512 714 3613 'post
742 3512 879 3589 fortem
911 3537 1089 3592 armatum
1120 3512 1215 3589 veli-

158 3686 162 3698 ,
408 3633 484 3688 tem
507 3611 657 3690 subinde
682 3614 721 3688 in
742 3611 883 3689 hostem
907 3615 1128 3707 immittere3
1148 3633 1216 3706 aut

236 3779 238 3784 .
304 3745 322 3775 ν
408 3710 438 3791 ii
466 3711 709 3795 aduersarium
732 3710 1005 3809 nanciscamur,
1032 3714 1110 3811 qui,
1126 3708 1218 3794 scri·

357 3862 360 3866 -
1038 3832 1163 3919 ptutae
