2742 4575
386 572 444 639 20
497 502 1074 653 ornant'ouraxuumr.

388 717 428 796 ἃ
439 709 577 804 afferat,
594 711 681 791 alter
697 713 805 792 dubia
821 715 859 791 in
867 717 1090 794 contrarium
1098 734 1195 822 pto-
1207 718 1211 730 '
1225 756 1236 772 ι

389 833 525 917 ponat,
541 834 621 890 tum
634 815 738 916 prior
756 839 797 892 ea
811 811 1009 919 solyateiu.

129 1083 132 1088 .
216 1007 369 1109 nunau-
436 1002 1194 1118 111,Hocpostremumcolnlonumge.

217 1106 352 1192 eranum
390 1136 459 1191 mu
490 1133 703 1194 commonet
727 1135 796 1188 nos
815 1114 972 1189 exercitii
999 1114 1192 1194 cu'usdam

146 1209 150 1218 ’
216 1276 285 1324 mm
339 1198 374 1323 ι’,
389 1208 585 1291 scholastici
610 1235 704 1313 perte
720 1211 890 1312 -negleili
939 1213 1053 1291 Intellt
1083 1224 1217 1309 oau-⁸

219 1339 320 1419 negle.
390 1332 466 1391 tem
493 1309 768 1390 declamationes
788 1308 1025 1411 gymnasticae
1054 1338 1102 1389 eu
1116 1336 1193 1394 tra·

217 1424 364 1500 alumni·
390 1408 586 1489 stntiouem
606 1409 813 1509 quaellionia
852 1406 1038 1509 cujusdam
1064 1434 1192 1494 orato-

217 1505 385 1607 mirande
393 1510 485 1589 riam
519 1510 685 1610 aperitis
722 1506 1033 1602 commendatam,
1085 1510 1194 1590 disci·

151 1624 154 1629 '
315 1603 369 1654 ⁰⁰·
418 1607 558 1709 ullaque
598 1605 836 1710 raesctiptam,
861 1610 1072 1711 cumprimis
1087 1608 1192 1689 theo-

389 1633 511 1812 fogis,
543 1633 596 1787 ,X
607 1707 808 1812 augendam
833 1702 1102 1811 intelligentiam
1132 1737 1192 1789 re-

389 1834 475 1887 rum
496 1802 693 1898 sacrarum,
720 1806 932 1886 firmandam
961 1811 1191 1903 memoriam,

388 1908 740 2007 &comparandum
768 1906 932 1985 habitum
961 1932 1085 1986 coram
1114 1910 1191 1988 aliis

387 2005 436 2082 de
452 2005 560 2085 rebus
578 2009 683 2084 tantis
701 2006 871 2097 libenter,
888 2003 1121 2106 animoseque
1137 2009 1191 2087 di·

391 2104 519 2182 cendi:
556 2127 639 2182 tum
675 2108 783 2183 etiam
812 2126 855 2183 ut
887 2101 1032 2183 studiofi
1067 2106 1193 2192 stilum

390 2226 608 2305 exerceant,
635 2228 676 2280 ac
705 2200 913 2307 progreffus
948 2204 1094 2305 alicujus
1122 2204 1199 2286 libi·

390 2301 543 2394 conscii,
569 2301 620 2381 ad
634 2305 770 2404 majora
791 2298 1010 2407 suscipienda
1035 2309 1189 2383 inciten-

390 2423 461 2499 tur.
508 2393 659 2480 Possunt
676 2425 797 2481 autem
812 2402 948 2482 sodales
967 2402 1112 2482 studiosi
1129 2402 1189 2484 vel

390 2500 521 2605 finguli
537 2503 575 2579 in
594 2501 739 2607 fingulis
760 2506 980 2607 argumentis
998 2504 1059 2581 tali'
1079 2509 1190 2584 ratio·

391 2595 497 2679 nese
521 2627 715 2694 exercere,
748 2626 809 2692 aut
840 2603 927 2680 alter
959 2603 1103 2682 alterius
1133 2632 1189 2683 ar·

391 2724 610 2803 gumentum
639 2700 802 2791 censere,
833 2702 878 2779 ad
901 2726 1050 2780 examen
1078 2729 1190 2781 revo·

392 2808 498 2893 care,
537 2801 753 2893 confutare,
777 2799 1028 2891 confirmare,
1066 2802 1189 2903 licque

391 2923 556 2979 mutuam
576 2898 640 2977 fibi
661 2901 827 3001 proestare
843 2924 1009 3002 operam,
1033 2903 1071 2978 ἃ
1088 2901 1189 3000 quast

390 3002 512 3076 attritu
546 3000 708 3100 lapidum
750 3023 841 3078 tum*
860 3003 982 3100 iguem
1022 3002 1192 3099 plenaria,

393 3118 472 3175 tum
505 3098 623 3175 lucem
665 3125 707 3177 ac
740 3097 969 3200 splendorem
1011 3098 1191 3179 doetrinae

391 3195 617 3287 christianae,
652 3224 693 3275 ac
736 3198 880 3276 lincerae
915 3197 1098 3298 religionis
1127 3201 1192 3277 eli-

393 3321 485 3376 cere.
567 3299 625 3376 De
683 3296 757 3373 hoc
815 3300 984 3376 exercitio
1038 3294 1225 3399 copiose.

331 3424 333 3426 ¹
392 3399 466 3495 egit
502 3396 660 3473 Andreas
697 3397 1102 3489 Hilarinum),
1150 3401 1190 3479 &

390 3492 473 3595 post
504 3522 595 3572 eum
617 3498 916 3571 Lnuuaurtus
941 3493 1075 3572 allilln
1096 3495 1198 3574 Van·-

389 3597 512 3686 centio,
542 3620 588 3671 ex
616 3594 748 3695 quibus
771 3618 883 3693 pauca
912 3589 960 3669 de
986 3590 1209 3707 praeliantis

537 3725 543 3736 ··
600 3753 602 3758 .
871 3781 877 3792 ⁴
1060 3718 1140 3794 elus

426 3815 474 3899 (a)
492 3814 539 3885 De
550 3818 662 3885 tatione
673 3815 760 3888 studii
774 3814 863 3885 theol
877 3817 909 3885 L.
921 3815 974 3885 ΙΙΙ.
991 3838 1016 3885 o
1030 3833 1059 3899 7.
