2742 4575
344 548 715 637 acuonasttca.
749 532 848 629 nia
899 504 1008 674 “97

181 701 183 705 ’
204 727 244 804 in
256 722 437 830 theologo
451 723 783 827 defitierariqueant
799 727 1005 819 nonnullae,

203 845 291 1002 λῦε
324 852 402 905 non
427 826 493 904 niti
523 830 664 927 parcius
691 827 840 928 aliquid*
856 826 900 905 ad
926 852 1005 905 rem

246 928 451 1031 eologicam
460 925 673 1017 conferunt,
691 925 718 1002 fi
736 926 851 1004 modo
865 928 1006 1028 lingua·
1103 1010 1105 1013 ,

202 1047 289 1102 rum
305 1026 540 1128 politiorum,
562 1025 820 1103 humaniorum
846 1051 892 1103 ue
909 1029 1004 1102 litte-

203 1148 328 1202 rarum
342 1177 355 1218 ,
367 1123 613 1216 historiarum,
639 1129 678 1204 ἃ
698 1149 783 1223 quae
799 1053 846 1205 ag
861 1151 919 1203 ens
939 1150 1005 1202 ne·

203 1219 346 1305 cellaria
370 1224 454 1303 sunt
471 1225 616 1315 auxilia,
641 1229 835 1324 omnisque
850 1227 1005 1326 antiqui·

202 1325 285 1403 tatis
306 1326 424 1425 aliqua
454 1348 531 1400 non
559 1321 793 1425 superficiaria
811 1327 936 1403 notitia
964 1327 1003 1403 δι
1065 1391 1068 1396 .

202 1419 394 1514 fabulare,
420 1425 552 1522 quibus
572 1422 755 1504 molestius
785 1448 879 1503 caret
897 1423 1005 1505 theo-

186 1520 319 1628 logia,
349 1522 481 1600 imbuti
501 1523 719 1612 accederent.
755 1525 869 1604 Hunc
882 1551 927 1600 ne
954 1529 1005 1604 le-

203 1622 306 1700 stum
325 1620 478 1701 facunde
491 1623 838 1722 P.Vtvasson(a)
849 1628 886 1701 in
897 1549 1001 1727 sefio-

202 1722 331 1803 lasticis
347 1748 388 1800 ca
434 1724 487 1809 it,
508 1723 612 1822 cujus
633 1722 744 1798 verba
765 1745 841 1799 non
855 1721 1000 1824 polium

202 1847 282 1901 non
296 1823 356 1900 hic
421 1843 519 1915 erre,
536 1843 578 1898 ut
594 1841 637 1898 ut
648 1821 788 1924 prolixa
805 1820 881 1898 lint.

758 1928 952 2014 CARXL

203 2099 250 2179 (a)
273 2099 353 2178 age,
369 2103 470 2182 inquit
478 2111 553 2162 orat.
566 2118 594 2176 9.
608 2102 644 2161 de
659 2102 714 2161 nit.
736 2084 839 2181 turioji
866 2101 1000 2178 quisquis
1115 2112 1131 2171 ζ
1159 2159 1162 2166 .

247 2201 282 2244 ea
295 2202 327 2244 te
342 2181 499 2261 plurimum
511 2195 541 2244 te
556 2180 627 2244 scite
637 2199 732 2260 putas,
745 2185 811 2261 quia
827 2203 914 2246 unum
924 2187 1000 2262 agie,

182 2319 187 2330 ,
244 2263 446 2339 acsollicitas,
459 2267 491 2327 in
509 2265 671 2344 eodemque
689 2265 801 2341 haeres,
819 2269 846 2329 aa
869 2288 1001 2331 commo·

245 2349 318 2411 ratis
333 2363 466 2421 aetatem,
486 2348 597 2418 nescis,
620 2348 692 2410 mihi
708 2347 795 2411 crede
806 2394 816 2423 ,
829 2364 937 2428 quanta
948 2370 1001 2412 ne.

244 2432 321 2506 scis;
344 2448 416 2510 quot
428 2431 481 2492 tibi
499 2432 537 2493 ad
560 2451 604 2494 res
624 2433 736 2493 aditum
755 2431 807 2493 isto
823 2446 873 2494 tuo
887 2435 917 2493 in
928 2453 1000 2494 con.

229 2512 321 2579 'sulto
339 2511 459 2577 consilio
476 2512 671 2590 praecluserit,
684 2534 771 2591 quam
784 2518 877 2577 varias
888 2559 897 2589 ,
910 2527 1001 2592 quam

234 2599 378 2674 ¹eximias,
389 2607 475 2675 quam
486 2594 621 2660 salutares
631 2617 665 2661 ae
675 2595 862 2671 necellatim3
875 2611 907 2659 ut
917 2614 1002 2676 tuum

244 2677 318 2743 illud
338 2677 434 2743 nescio
454 2679 524 2756 quid
545 2697 654 2755 unum,
684 2680 763 2755 quod
778 2677 862 2740 altius
883 2679 1001 2762 impres-

243 2763 326 2838 sum,
346 2760 539 2840 obrutumque
560 2763 650 2835 retis,
673 2760 824 2821 effoderet.
870 2760 999 2836 Quodne

181 2899 184 2912 .
246 2843 386 2908 dubitetis
398 2843 468 2923 ipit,
485 2847 666 2936 proponite,
691 2840 857 2915 auditores,
878 2843 1000 2905 oboeu·

244 2928 384 2990 los-vobis
393 2926 562 3005 theologum
576 2926 702 3003 aliquem
718 2942 809 2987 unum
821 2924 872 2986 isto
894 2925 932 2987 de
951 2943 1001 3003 gea

243 3030 339 3085 nere,
353 3023 386 3082 ut
404 3011 553 3090 praedicari
573 3008 671 3084 dese,
685 3008 1000 3093 acnnminarivolunt,

244 3091 478 3173 profundorum,
491 3106 577 3172 quem
588 3091 684 3155 schola
695 3137 703 3163 ‚
718 3089 766 3168 seu
776 3092 873 3167 junior
886 3089 1000 3154 theolo-

246 3178 313 3255 gia,
337 3176 370 3238 in
392 3178 522 3254 gremio,
548 3172 667 3255 sinuque
686 3172 737 3237 suo
754 3174 857 3249 eduxit
878 3174 999 3255 longum

194 3274 197 3280 ·
245 3253 340 3322 unuln
355 3257 582 3336 contemplando
602 3258 755 3331 exercuit,
769 3257 918 3321 altercatio
933 3274 999 3337 per.

246 3341 397 3406 tendendo
410 3341 618 3404 corroboravit.
641 3341 670 3405 Is
682 3353 776 3402 totum
789 3339 817 3401 se
827 3342 858 3401 in
872 3340 947 3404 hanc
956 3342 999 3404 fa-

246 3424 404 3500 cultatem,
428 3424 487 3487 sme
507 3422 565 3487 ulla
580 3427 755 3503 exceptione
774 3436 889 3499 operas,
908 3444 944 3487 ac
959 3423 1001 3485 la.

246 3507 325 3572 boris
336 3506 522 3571 immerserit:
546 3505 615 3584 huic
624 3506 796 3587 pueritiam,
817 3503 886 3565 huie
896 3507 1003 3588 juven·

246 3604 363 3666 tutem,
383 3590 451 3653 huic
463 3589 711 3672 atatemfinnan
724 3585 917 3649 consecratam
929 3586 998 3661 elle,

245 3674 433 3753 additamque
457 3671 584 3735 voluerit
606 3716 617 3747 ‚
637 3670 813 3742 discendo,
842 3667 1000 3741 docendo,

246 3756 423 3840 scribendo:
448 3755 528 3820 idem
549 3769 689 3900 prantetea
710 3759 774 3816 nau
794 3750 874 3817 aliud
897 3749 1004 3816 invita

884 3835 1004 3918 ,etes-

1027 3705 1255 4053 J.
